<?xml version="1.0" encoding="UTF-8"?>
<!DOCTYPE html PUBLIC "-//W3C//DTD XHTML 1.0 Transitional//EN"
    "http://www.w3.org/TR/xhtml1/DTD/xhtml1-transitional.dtd">
<html xmlns="http://www.w3.org/1999/xhtml" xml:lang="en" lang="en">
 <head>
  <title>
</title>
<meta http-equiv="Content-Type" content="text/html;charset=utf-8" />
  <meta name='ocr-system' content='tesseract 3.04.00' />
  <meta name='ocr-capabilities' content='ocr_page ocr_carea ocr_par ocr_line ocrx_word'/>
</head>
<body>
  <div class='ocr_page' id='page_1' title='image "./operavarietatel02virggoog/operavarietatel02virggoog_0160.png"; bbox 0 0 3225 5200; ppageno 0'>
   <div class='ocr_carea' id='block_1_1' title="bbox 609 490 1215 595">
    <p class='ocr_par' dir='ltr' id='par_1_1' title="bbox 609 490 1215 595">
     <span class='ocr_line' id='line_1_1' title="bbox 609 490 1215 595; baseline 0.008 -7"><span class='ocrx_word' id='word_1_1' title='bbox 609 490 849 588; x_wconf 73' lang='lat' dir='ltr'>t&#39;rnrs&#39;.</span> <span class='ocrx_word' id='word_1_2' title='bbox 1153 520 1215 595; x_wconf 59' lang='grc' dir='ltr'>πει</span> 
     </span>
    </p>
   </div>
   <div class='ocr_carea' id='block_1_2' title="bbox 316 647 320 675">
    <p class='ocr_par' dir='ltr' id='par_1_2' title="bbox 316 647 320 675">
     <span class='ocr_line' id='line_1_2' title="bbox 316 647 320 675; baseline 0 0"><span class='ocrx_word' id='word_1_3' title='bbox 316 647 320 675; x_wconf 89' lang='grc' dir='ltr'>Ι</span> 
     </span>
    </p>
   </div>
   <div class='ocr_carea' id='block_1_3' title="bbox 232 698 1214 1481">
    <p class='ocr_par' dir='ltr' id='par_1_3' title="bbox 235 698 1022 811">
     <span class='ocr_line' id='line_1_3' title="bbox 235 698 1022 811; baseline -0.005 -22"><span class='ocrx_word' id='word_1_4' title='bbox 235 698 415 791; x_wconf 76' lang='lat' dir='ltr'>Omnibus</span> <span class='ocrx_word' id='word_1_5' title='bbox 432 710 562 811; x_wconf 69' lang='lat' dir='ltr'>injedla</span> <span class='ocrx_word' id='word_1_6' title='bbox 578 711 679 785; x_wconf 84' lang='lat' dir='ltr'>tellus</span> <span class='ocrx_word' id='word_1_7' title='bbox 698 708 891 783; x_wconf 89' lang='lat' dir='ltr'>tumulabit</span> <span class='ocrx_word' id='word_1_8' title='bbox 906 734 1022 785; x_wconf 85' lang='lat' dir='ltr'>arena.</span> 
     </span>
    </p>

    <p class='ocr_par' dir='ltr' id='par_1_4' title="bbox 232 846 1214 1481">
     <span class='ocr_line' id='line_1_4' title="bbox 233 846 1104 955; baseline -0.007 -30"><span class='ocrx_word' id='word_1_9' title='bbox 233 850 344 955; x_wconf 85' lang='lat' dir='ltr'>Mene</span> <span class='ocrx_word' id='word_1_10' title='bbox 356 852 448 923; x_wconf 90' lang='lat' dir='ltr'>inter</span> <span class='ocrx_word' id='word_1_11' title='bbox 465 848 629 935; x_wconf 86' lang='lat' dir='ltr'>comites,</span> <span class='ocrx_word' id='word_1_12' title='bbox 653 846 934 943; x_wconf 82' lang='lat' dir='ltr'>ancillarumque</span> <span class='ocrx_word' id='word_1_13' title='bbox 948 859 1104 920; x_wconf 84' lang='lat' dir='ltr'>catervas</span> 
     </span>
     <span class='ocr_line' id='line_1_5' title="bbox 234 981 1099 1078; baseline -0.009 -17"><span class='ocrx_word' id='word_1_14' title='bbox 234 988 348 1061; x_wconf 85' lang='lat' dir='ltr'>Mene</span> <span class='ocrx_word' id='word_1_15' title='bbox 363 987 447 1060; x_wconf 82' lang='lat' dir='ltr'>alias</span> <span class='ocrx_word' id='word_1_16' title='bbox 463 984 566 1069; x_wconf 76' lang='lat' dir='ltr'>inter,</span> <span class='ocrx_word' id='word_1_17' title='bbox 592 982 806 1055; x_wconf 86' lang='lat' dir='ltr'>famularum</span> <span class='ocrx_word' id='word_1_18' title='bbox 823 1004 969 1055; x_wconf 88' lang='lat' dir='ltr'>munere</span> <span class='ocrx_word' id='word_1_19' title='bbox 986 981 1099 1078; x_wconf 88' lang='lat' dir='ltr'>fungi,</span> 
     </span>
     <span class='ocr_line' id='line_1_6' title="bbox 239 1114 1202 1219; baseline -0.009 -22"><span class='ocrx_word' id='word_1_20' title='bbox 239 1121 415 1219; x_wconf 87' lang='lat' dir='ltr'>Conjugis</span> <span class='ocrx_word' id='word_1_21' title='bbox 432 1135 538 1214; x_wconf 90' lang='lat' dir='ltr'>atquc</span> <span class='ocrx_word' id='word_1_22' title='bbox 552 1134 638 1203; x_wconf 79' lang='lat' dir='ltr'>tuae,</span> <span class='ocrx_word' id='word_1_23' title='bbox 661 1137 895 1211; x_wconf 80' lang='lat' dir='ltr'>quaecumque</span> <span class='ocrx_word' id='word_1_24' title='bbox 910 1115 978 1211; x_wconf 89' lang='lat' dir='ltr'>erit</span> <span class='ocrx_word' id='word_1_25' title='bbox 993 1114 1066 1203; x_wconf 86' lang='lat' dir='ltr'>illa,</span> <span class='ocrx_word' id='word_1_26' title='bbox 1089 1114 1202 1188; x_wconf 80' lang='lat' dir='ltr'>beatoe</span> 
     </span>
     <span class='ocr_line' id='line_1_7' title="bbox 235 1249 1214 1353; baseline -0.004 -22"><span class='ocrx_word' id='word_1_27' title='bbox 235 1258 323 1331; x_wconf 92' lang='lat' dir='ltr'>Non</span> <span class='ocrx_word' id='word_1_28' title='bbox 339 1256 442 1329; x_wconf 92' lang='lat' dir='ltr'>licuit</span> <span class='ocrx_word' id='word_1_29' title='bbox 459 1253 624 1353; x_wconf 88' lang='lat' dir='ltr'>gravidos</span> <span class='ocrx_word' id='word_1_30' title='bbox 638 1249 746 1347; x_wconf 87' lang='lat' dir='ltr'>penso</span> <span class='ocrx_word' id='word_1_31' title='bbox 760 1250 945 1325; x_wconf 81' lang='lat' dir='ltr'>devolvere</span> <span class='ocrx_word' id='word_1_32' title='bbox 961 1251 1079 1327; x_wconf 75' lang='lat' dir='ltr'>fusos?</span> <span class='ocrx_word' id='word_1_33' title='bbox 1142 1253 1214 1346; x_wconf 87' lang='lat'>446</span> 
     </span>
     <span class='ocr_line' id='line_1_8' title="bbox 232 1380 1012 1481; baseline -0.012 -17"><span class='ocrx_word' id='word_1_34' title='bbox 232 1396 285 1465; x_wconf 85' lang='lat' dir='ltr'>At</span> <span class='ocrx_word' id='word_1_35' title='bbox 300 1392 387 1463; x_wconf 91' lang='lat' dir='ltr'>belli</span> <span class='ocrx_word' id='word_1_36' title='bbox 404 1388 525 1461; x_wconf 87' lang='lat' dir='ltr'>saltem</span> <span class='ocrx_word' id='word_1_37' title='bbox 542 1380 724 1481; x_wconf 86' lang='lat' dir='ltr'>captivam</span> <span class='ocrx_word' id='word_1_38' title='bbox 740 1386 820 1481; x_wconf 86' lang='lat' dir='ltr'>lege</span> <span class='ocrx_word' id='word_1_39' title='bbox 835 1386 1012 1460; x_wconf 81' lang='lat' dir='ltr'>necalles.-</span> 
     </span>
    </p>
   </div>
   <div class='ocr_carea' id='block_1_4' title="bbox 232 1522 1212 1896">
    <p class='ocr_par' dir='ltr' id='par_1_5' title="bbox 232 1522 1212 1896">
     <span class='ocr_line' id='line_1_9' title="bbox 232 1522 1198 1622; baseline 0.001 -23"><span class='ocrx_word' id='word_1_40' title='bbox 232 1529 317 1622; x_wconf 86' lang='lat' dir='ltr'>Jam</span> <span class='ocrx_word' id='word_1_41' title='bbox 333 1526 426 1599; x_wconf 81' lang='lat' dir='ltr'>feffae</span> <span class='ocrx_word' id='word_1_42' title='bbox 445 1524 589 1597; x_wconf 88' lang='lat' dir='ltr'>tandem&#39;</span> <span class='ocrx_word' id='word_1_43' title='bbox 606 1522 748 1619; x_wconf 86' lang='lat' dir='ltr'>fugiunt</span> <span class='ocrx_word' id='word_1_44' title='bbox 765 1523 810 1594; x_wconf 87' lang='lat' dir='ltr'>de</span> <span class='ocrx_word' id='word_1_45' title='bbox 825 1546 973 1619; x_wconf 90' lang='lat' dir='ltr'>corpore</span> <span class='ocrx_word' id='word_1_46' title='bbox 987 1527 1087 1616; x_wconf 84' lang='lat' dir='ltr'>vires,</span> <span class='ocrx_word' id='word_1_47' title='bbox 1112 1590 1117 1599; x_wconf 85' lang='lat'>.</span> <span class='ocrx_word' id='word_1_48' title='bbox 1195 1610 1198 1617; x_wconf 23' lang='lat'>¹</span> 
     </span>
     <span class='ocr_line' id='line_1_10' title="bbox 233 1659 1102 1761; baseline -0.003 -24"><span class='ocrx_word' id='word_1_49' title='bbox 233 1665 283 1737; x_wconf 89' lang='lat' dir='ltr'>Et</span> <span class='ocrx_word' id='word_1_50' title='bbox 300 1682 407 1761; x_wconf 91' lang='lat' dir='ltr'>caput</span> <span class='ocrx_word' id='word_1_51' title='bbox 422 1662 551 1735; x_wconf 87' lang='lat' dir='ltr'>inflexa</span> <span class='ocrx_word' id='word_1_52' title='bbox 563 1662 700 1731; x_wconf 86' lang='lat' dir='ltr'>lentum</span> <span class='ocrx_word' id='word_1_53' title='bbox 715 1659 853 1731; x_wconf 89' lang='lat' dir='ltr'>cervice</span> <span class='ocrx_word' id='word_1_54' title='bbox 868 1661 1047 1734; x_wconf 87' lang='lat' dir='ltr'><strong>recumbit</strong></span> <span class='ocrx_word' id='word_1_55' title='bbox 1055 1700 1067 1747; x_wconf 71' lang='lat'>3</span> <span class='ocrx_word' id='word_1_56' title='bbox 1097 1680 1102 1687; x_wconf 84' lang='lat'>&#39;</span> 
     </span>
     <span class='ocr_line' id='line_1_11' title="bbox 233 1792 1212 1896; baseline 0.004 -24"><span class='ocrx_word' id='word_1_57' title='bbox 233 1800 439 1872; x_wconf 86' lang='lat' dir='ltr'>Marmorea</span> <span class='ocrx_word' id='word_1_58' title='bbox 449 1793 676 1890; x_wconf 68' lang='lat' dir='ltr'>adduciisque</span> <span class='ocrx_word' id='word_1_59' title='bbox 686 1792 1016 1868; x_wconf 86' lang='lat' dir='ltr'>labascuntbrachia</span> <span class='ocrx_word' id='word_1_60' title='bbox 1025 1798 1212 1896; x_wconf 78' lang='lat' dir='ltr'>nodis.450</span> 
     </span>
    </p>
   </div>
   <div class='ocr_carea' id='block_1_5' title="bbox 155 2009 1240 3617">
    <p class='ocr_par' dir='ltr' id='par_1_6' title="bbox 155 2009 1240 3617">
     <span class='ocr_line' id='line_1_12' title="bbox 264 2009 1212 2085; baseline 0.001 -13"><span class='ocrx_word' id='word_1_61' title='bbox 264 2019 323 2084; x_wconf 69' lang='lat' dir='ltr'>als.</span> <span class='ocrx_word' id='word_1_62' title='bbox 340 2022 490 2080; x_wconf 63' lang='lat' dir='ltr'>internaliter.</span> <span class='ocrx_word' id='word_1_63' title='bbox 521 2009 560 2069; x_wconf 71' lang='lat' dir='ltr'>Sic</span> <span class='ocrx_word' id='word_1_64' title='bbox 570 2030 628 2070; x_wconf 88' lang='lat' dir='ltr'>vett.</span> <span class='ocrx_word' id='word_1_65' title='bbox 641 2020 798 2085; x_wconf 84' lang='lat' dir='ltr'>quoqueedd.</span> <span class='ocrx_word' id='word_1_66' title='bbox 830 2012 867 2069; x_wconf 75' lang='lat' dir='ltr'>At</span> <span class='ocrx_word' id='word_1_67' title='bbox 886 2021 942 2071; x_wconf 83' lang='lat' dir='ltr'>Ald.</span> <span class='ocrx_word' id='word_1_68' title='bbox 965 2033 990 2072; x_wconf 86' lang='lat' dir='ltr'>et</span> <span class='ocrx_word' id='word_1_69' title='bbox 1012 2023 1067 2073; x_wconf 87' lang='lat' dir='ltr'>inde</span> <span class='ocrx_word' id='word_1_70' title='bbox 1077 2016 1170 2076; x_wconf 84' lang='lat' dir='ltr'>Veneta</span> <span class='ocrx_word' id='word_1_71' title='bbox 1180 2025 1212 2077; x_wconf 87' lang='lat' dir='ltr'>de</span> 
     </span>
     <span class='ocr_line' id='line_1_13' title="bbox 229 2098 1213 2166; baseline 0.006 -21"><span class='ocrx_word' id='word_1_72' title='bbox 229 2099 336 2150; x_wconf 81' lang='lat' dir='ltr'>Tertia:</span> <span class='ocrx_word' id='word_1_73' title='bbox 353 2106 408 2150; x_wconf 74' lang='lat' dir='ltr'>inter</span> <span class='ocrx_word' id='word_1_74' title='bbox 418 2110 505 2161; x_wconf 77' lang='lat' dir='ltr'>matres,</span> <span class='ocrx_word' id='word_1_75' title='bbox 521 2098 599 2147; x_wconf 81' lang='lat' dir='ltr'>minua</span> <span class='ocrx_word' id='word_1_76' title='bbox 610 2110 692 2147; x_wconf 86' lang='lat' dir='ltr'>tamen</span> <span class='ocrx_word' id='word_1_77' title='bbox 713 2099 900 2149; x_wconf 81' lang='lat' dir='ltr'>accommodate.</span> <span class='ocrx_word' id='word_1_78' title='bbox 931 2105 1213 2166; x_wconf 69' lang='lat' dir='ltr'>internatmanattarrqoe</span> 
     </span>
     <span class='ocr_line' id='line_1_14' title="bbox 230 2175 1212 2238; baseline 0.001 -12"><span class='ocrx_word' id='word_1_79' title='bbox 230 2182 329 2226; x_wconf 60' lang='lat' dir='ltr'>mannas</span> <span class='ocrx_word' id='word_1_80' title='bbox 338 2175 610 2235; x_wconf 67' lang='lat' dir='ltr'>nffiHelmst.--444.</span> <span class='ocrx_word' id='word_1_81' title='bbox 625 2178 744 2223; x_wconf 55' lang='lat' dir='ltr'>Maenalias</span> <span class='ocrx_word' id='word_1_82' title='bbox 763 2188 823 2226; x_wconf 87' lang='lat' dir='ltr'>vett.</span> <span class='ocrx_word' id='word_1_83' title='bbox 839 2178 893 2226; x_wconf 89' lang='lat' dir='ltr'>edd.</span> <span class='ocrx_word' id='word_1_84' title='bbox 915 2189 940 2226; x_wconf 89' lang='lat' dir='ltr'>et</span> <span class='ocrx_word' id='word_1_85' title='bbox 959 2180 1036 2238; x_wconf 82' lang='lat' dir='ltr'>codd,</span> <span class='ocrx_word' id='word_1_86' title='bbox 1052 2180 1125 2227; x_wconf 86' lang='lat' dir='ltr'>etiam</span> <span class='ocrx_word' id='word_1_87' title='bbox 1140 2181 1212 2229; x_wconf 86' lang='lat' dir='ltr'>Bafil.</span> 
     </span>
     <span class='ocr_line' id='line_1_15' title="bbox 233 2256 1213 2323; baseline 0.002 -18"><span class='ocrx_word' id='word_1_88' title='bbox 233 2258 381 2318; x_wconf 83' lang='lat' dir='ltr'>constanter,</span> <span class='ocrx_word' id='word_1_89' title='bbox 395 2268 422 2307; x_wconf 88' lang='lat' dir='ltr'>ut</span> <span class='ocrx_word' id='word_1_90' title='bbox 445 2258 517 2306; x_wconf 85' lang='lat' dir='ltr'>etiam</span> <span class='ocrx_word' id='word_1_91' title='bbox 539 2256 642 2321; x_wconf 82' lang='lat' dir='ltr'><strong>Scaliger</strong></span> <span class='ocrx_word' id='word_1_92' title='bbox 663 2271 692 2304; x_wconf 87' lang='lat' dir='ltr'>eo</span> <span class='ocrx_word' id='word_1_93' title='bbox 711 2256 845 2313; x_wconf 79' lang='lat' dir='ltr'>devenerit,</span> <span class='ocrx_word' id='word_1_94' title='bbox 862 2269 889 2305; x_wconf 92' lang='lat' dir='ltr'>ut</span> <span class='ocrx_word' id='word_1_95' title='bbox 910 2257 945 2305; x_wconf 85' lang='lat' dir='ltr'>ita</span> <span class='ocrx_word' id='word_1_96' title='bbox 961 2256 1213 2323; x_wconf 82' lang='lat' dir='ltr'>legendumputaret:</span> 
     </span>
     <span class='ocr_line' id='line_1_16' title="bbox 231 2330 1209 2397; baseline 0.002 -14"><span class='ocrx_word' id='word_1_97' title='bbox 231 2350 292 2383; x_wconf 85' lang='lat' dir='ltr'>narn</span> <span class='ocrx_word' id='word_1_98' title='bbox 301 2346 326 2384; x_wconf 89' lang='lat' dir='ltr'>et</span> <span class='ocrx_word' id='word_1_99' title='bbox 333 2334 469 2392; x_wconf 77' lang='lat' dir='ltr'>Arcadiam,</span> <span class='ocrx_word' id='word_1_100' title='bbox 486 2332 572 2395; x_wconf 88' lang='lat' dir='ltr'>inquit,</span> <span class='ocrx_word' id='word_1_101' title='bbox 587 2344 611 2381; x_wconf 89' lang='lat' dir='ltr'>et</span> <span class='ocrx_word' id='word_1_102' title='bbox 622 2330 739 2395; x_wconf 87' lang='lat' dir='ltr'>reliquam</span> <span class='ocrx_word' id='word_1_103' title='bbox 751 2332 940 2397; x_wconf 88' lang='lat' dir='ltr'>Peleponnesum</span> <span class='ocrx_word' id='word_1_104' title='bbox 950 2333 1014 2382; x_wconf 85' lang='lat' dir='ltr'>bello</span> <span class='ocrx_word' id='word_1_105' title='bbox 1022 2333 1120 2382; x_wconf 87' lang='lat' dir='ltr'>vicerat.</span> <span class='ocrx_word' id='word_1_106' title='bbox 1154 2339 1209 2385; x_wconf 82' lang='lat' dir='ltr'>Hoc</span> 
     </span>
     <span class='ocr_line' id='line_1_17' title="bbox 230 2407 1210 2470; baseline 0.003 -11"><span class='ocrx_word' id='word_1_107' title='bbox 230 2412 299 2461; x_wconf 87' lang='lat' dir='ltr'>unde</span> <span class='ocrx_word' id='word_1_108' title='bbox 318 2411 413 2470; x_wconf 86' lang='lat' dir='ltr'>habeat,</span> <span class='ocrx_word' id='word_1_109' title='bbox 429 2409 522 2457; x_wconf 74' lang='lat' dir='ltr'>nesciet</span> <span class='ocrx_word' id='word_1_110' title='bbox 550 2408 611 2457; x_wconf 88' lang='lat' dir='ltr'>illud</span> <span class='ocrx_word' id='word_1_111' title='bbox 627 2418 708 2459; x_wconf 84' lang='lat' dir='ltr'>tamen</span> <span class='ocrx_word' id='word_1_112' title='bbox 724 2407 804 2465; x_wconf 83' lang='lat' dir='ltr'>video,</span> <span class='ocrx_word' id='word_1_113' title='bbox 820 2407 930 2457; x_wconf 79' lang='lat' dir='ltr'>fraudem</span> <span class='ocrx_word' id='word_1_114' title='bbox 950 2408 1028 2459; x_wconf 82' lang='lat' dir='ltr'>fecisse</span> <span class='ocrx_word' id='word_1_115' title='bbox 1048 2410 1210 2463; x_wconf 80' lang='lat' dir='ltr'>obscuriorem</span> 
     </span>
     <span class='ocr_line' id='line_1_18' title="bbox 230 2484 1210 2549; baseline 0.002 -12"><span class='ocrx_word' id='word_1_116' title='bbox 230 2487 333 2537; x_wconf 70' lang='lat' dir='ltr'>dudum</span> <span class='ocrx_word' id='word_1_117' title='bbox 346 2486 436 2537; x_wconf 84' lang='lat' dir='ltr'>librarii</span> <span class='ocrx_word' id='word_1_118' title='bbox 447 2487 551 2535; x_wconf 77' lang='lat' dir='ltr'>Nmaliar</span> <span class='ocrx_word' id='word_1_119' title='bbox 562 2499 607 2549; x_wconf 89' lang='lat' dir='ltr'>pro</span> <span class='ocrx_word' id='word_1_120' title='bbox 617 2485 682 2531; x_wconf 61' lang='lat' dir='ltr'>Mer</span> <span class='ocrx_word' id='word_1_121' title='bbox 694 2487 764 2534; x_wconf 75' lang='lat' dir='ltr'>aliast</span> <span class='ocrx_word' id='word_1_122' title='bbox 792 2485 857 2548; x_wconf 86' lang='lat' dir='ltr'>quod</span> <span class='ocrx_word' id='word_1_123' title='bbox 865 2486 930 2533; x_wconf 73' lang='grc' dir='ltr'>κᾶε</span> <span class='ocrx_word' id='word_1_124' title='bbox 940 2484 996 2535; x_wconf 85' lang='lat' dir='ltr'>inde</span> <span class='ocrx_word' id='word_1_125' title='bbox 1007 2485 1038 2534; x_wconf 90' lang='lat' dir='ltr'>ab</span> <span class='ocrx_word' id='word_1_126' title='bbox 1049 2486 1105 2535; x_wconf 71' lang='lat' dir='ltr'>Ala</span> <span class='ocrx_word' id='word_1_127' title='bbox 1117 2488 1164 2549; x_wconf 63' lang='lat' dir='ltr'>sec</span> <span class='ocrx_word' id='word_1_128' title='bbox 1174 2490 1210 2539; x_wconf 86' lang='lat' dir='ltr'>le-·</span> 
     </span>
     <span class='ocr_line' id='line_1_19' title="bbox 155 2552 1210 2630; baseline -0.005 -18"><span class='ocrx_word' id='word_1_129' title='bbox 155 2552 157 2561; x_wconf 61' lang='lat'><strong>¹</strong></span> <span class='ocrx_word' id='word_1_130' title='bbox 228 2563 308 2625; x_wconf 79' lang='lat' dir='ltr'>gitur,</span> <span class='ocrx_word' id='word_1_131' title='bbox 323 2564 396 2616; x_wconf 86' lang='lat' dir='ltr'>modo</span> <span class='ocrx_word' id='word_1_132' title='bbox 406 2562 599 2628; x_wconf 85' lang='lat' dir='ltr'>interpungatur‚</span> <span class='ocrx_word' id='word_1_133' title='bbox 616 2560 758 2611; x_wconf 81' lang='lat' dir='ltr'>utfrcimua.</span> <span class='ocrx_word' id='word_1_134' title='bbox 791 2562 870 2610; x_wconf 67' lang='lat' dir='ltr'>Poeta</span> <span class='ocrx_word' id='word_1_135' title='bbox 880 2572 961 2610; x_wconf 79' lang='lat' dir='ltr'>tamen</span> <span class='ocrx_word' id='word_1_136' title='bbox 969 2561 1032 2610; x_wconf 87' lang='lat' dir='ltr'>bono</span> <span class='ocrx_word' id='word_1_137' title='bbox 1039 2562 1147 2627; x_wconf 83' lang='lat' dir='ltr'>digniora</span> <span class='ocrx_word' id='word_1_138' title='bbox 1153 2565 1210 2630; x_wconf 83' lang='lat' dir='ltr'>sug.</span> 
     </span>
     <span class='ocr_line' id='line_1_20' title="bbox 229 2635 1211 2701; baseline -0.001 -11"><span class='ocrx_word' id='word_1_139' title='bbox 229 2635 429 2701; x_wconf 75' lang='lat' dir='ltr'>getitlleinliua:</span> <span class='ocrx_word' id='word_1_140' title='bbox 459 2639 672 2698; x_wconf 76' lang='lat' dir='ltr'>Mea&#39;vr‘lesr&#39;nier3</span> <span class='ocrx_word' id='word_1_141' title='bbox 703 2638 821 2686; x_wconf 79' lang='lat' dir='ltr'>velMene</span> <span class='ocrx_word' id='word_1_142' title='bbox 835 2640 955 2686; x_wconf 74' lang='lat' dir='ltr'>mlosinter.</span> <span class='ocrx_word' id='word_1_143' title='bbox 988 2640 1079 2687; x_wconf 83' lang='lat' dir='ltr'>Porro:</span> <span class='ocrx_word' id='word_1_144' title='bbox 1100 2642 1211 2701; x_wconf 57' lang='lat' dir='ltr'>sanaturi</span> 
     </span>
     <span class='ocr_line' id='line_1_21' title="bbox 229 2713 1210 2778; baseline 0.003 -16"><span class='ocrx_word' id='word_1_145' title='bbox 229 2713 271 2762; x_wconf 76' lang='lat' dir='ltr'>vel</span> <span class='ocrx_word' id='word_1_146' title='bbox 275 2717 394 2778; x_wconf 66' lang='lat' dir='ltr'>famulatus</span> <span class='ocrx_word' id='word_1_147' title='bbox 415 2727 626 2773; x_wconf 65' lang='lat' dir='ltr'>munera—445.</span> <span class='ocrx_word' id='word_1_148' title='bbox 643 2730 763 2776; x_wconf 75' lang='lat' dir='ltr'>quacunque</span> <span class='ocrx_word' id='word_1_149' title='bbox 773 2717 815 2761; x_wconf 78' lang='lat' dir='ltr'>erit</span> <span class='ocrx_word' id='word_1_150' title='bbox 825 2715 864 2762; x_wconf 76' lang='lat' dir='ltr'>illa</span> <span class='ocrx_word' id='word_1_151' title='bbox 870 2715 928 2760; x_wconf 77' lang='lat' dir='ltr'>beata</span> <span class='ocrx_word' id='word_1_152' title='bbox 939 2713 994 2762; x_wconf 82' lang='lat' dir='ltr'>edd.</span> <span class='ocrx_word' id='word_1_153' title='bbox 1003 2725 1061 2762; x_wconf 83' lang='lat' dir='ltr'>vett.</span> <span class='ocrx_word' id='word_1_154' title='bbox 1073 2727 1127 2763; x_wconf 84' lang='lat' dir='ltr'>ante</span> <span class='ocrx_word' id='word_1_155' title='bbox 1139 2717 1210 2766; x_wconf 83' lang='lat' dir='ltr'>Aldi-</span> 
     </span>
     <span class='ocr_line' id='line_1_22' title="bbox 230 2787 1209 2855; baseline 0.007 -21"><span class='ocrx_word' id='word_1_156' title='bbox 230 2801 299 2840; x_wconf 89' lang='lat' dir='ltr'>narn.</span> <span class='ocrx_word' id='word_1_157' title='bbox 334 2793 417 2854; x_wconf 87' lang='lat' dir='ltr'>Sicque</span> <span class='ocrx_word' id='word_1_158' title='bbox 427 2789 505 2855; x_wconf 82' lang='lat' dir='ltr'>Julius</span> <span class='ocrx_word' id='word_1_159' title='bbox 514 2787 616 2838; x_wconf 79' lang='lat' dir='ltr'>Sabinus</span> <span class='ocrx_word' id='word_1_160' title='bbox 624 2789 725 2852; x_wconf 79' lang='lat' dir='ltr'>legerat,</span> <span class='ocrx_word' id='word_1_161' title='bbox 740 2789 813 2851; x_wconf 89' lang='lat' dir='ltr'>idque</span> <span class='ocrx_word' id='word_1_162' title='bbox 824 2789 958 2853; x_wconf 79' lang='lat' dir='ltr'>praeferarn,</span> <span class='ocrx_word' id='word_1_163' title='bbox 972 2795 1028 2838; x_wconf 82' lang='lat' dir='ltr'>cum</span> <span class='ocrx_word' id='word_1_164' title='bbox 1038 2791 1209 2848; x_wconf 69' lang='lat' dir='ltr'>Henna-.-</span> 
     </span>
     <span class='ocr_line' id='line_1_23' title="bbox 230 2863 1209 2934; baseline 0.005 -21"><span class='ocrx_word' id='word_1_165' title='bbox 230 2865 290 2921; x_wconf 74' lang='grc'><strong>448.</strong></span> <span class='ocrx_word' id='word_1_166' title='bbox 300 2867 355 2930; x_wconf 81' lang='lat' dir='ltr'>seffo</span> <span class='ocrx_word' id='word_1_167' title='bbox 365 2870 387 2912; x_wconf 80' lang='lat' dir='ltr'>de</span> <span class='ocrx_word' id='word_1_168' title='bbox 396 2877 476 2929; x_wconf 81' lang='lat' dir='ltr'>corpore</span> <span class='ocrx_word' id='word_1_169' title='bbox 485 2865 550 2913; x_wconf 86' lang='lat' dir='ltr'>haud</span> <span class='ocrx_word' id='word_1_170' title='bbox 560 2863 648 2914; x_wconf 72' lang='lat' dir='ltr'>dubie:</span> <span class='ocrx_word' id='word_1_171' title='bbox 676 2881 690 2912; x_wconf 86' lang='lat' dir='ltr'>e</span> <span class='ocrx_word' id='word_1_172' title='bbox 702 2864 797 2912; x_wconf 77' lang='lat' dir='ltr'>Catullo</span> <span class='ocrx_word' id='word_1_173' title='bbox 816 2865 833 2913; x_wconf 89' lang='lat' dir='ltr'>l.</span> <span class='ocrx_word' id='word_1_174' title='bbox 845 2882 865 2913; x_wconf 87' lang='lat' dir='ltr'>c.</span> <span class='ocrx_word' id='word_1_175' title='bbox 877 2865 924 2930; x_wconf 86' lang='lat'>189</span> <span class='ocrx_word' id='word_1_176' title='bbox 937 2869 984 2914; x_wconf 84' lang='lat' dir='ltr'>Nec</span> <span class='ocrx_word' id='word_1_177' title='bbox 990 2871 1052 2932; x_wconf 77' lang='lat' dir='ltr'>prius</span> <span class='ocrx_word' id='word_1_178' title='bbox 1063 2889 1077 2914; x_wconf 90' lang='lat' dir='ltr'>a</span> <span class='ocrx_word' id='word_1_179' title='bbox 1084 2870 1139 2934; x_wconf 79' lang='lat' dir='ltr'>seffo</span> <span class='ocrx_word' id='word_1_180' title='bbox 1150 2872 1209 2928; x_wconf 72' lang='lat' dir='ltr'>lice·</span> 
     </span>
     <span class='ocr_line' id='line_1_24' title="bbox 229 2940 1208 3009; baseline 0.005 -22"><span class='ocrx_word' id='word_1_181' title='bbox 229 2943 278 2987; x_wconf 80' lang='lat' dir='ltr'>dent</span> <span class='ocrx_word' id='word_1_182' title='bbox 288 2951 371 3004; x_wconf 80' lang='lat' dir='ltr'>corpore</span> <span class='ocrx_word' id='word_1_183' title='bbox 381 2945 445 2988; x_wconf 80' lang='lat' dir='ltr'>vires.</span> <span class='ocrx_word' id='word_1_184' title='bbox 476 2941 507 2988; x_wconf 78' lang='lat' dir='ltr'>Et</span> <span class='ocrx_word' id='word_1_185' title='bbox 518 2941 548 2988; x_wconf 86' lang='lat' dir='ltr'>fic</span> <span class='ocrx_word' id='word_1_186' title='bbox 558 2957 653 3004; x_wconf 89' lang='lat' dir='ltr'>quoque</span> <span class='ocrx_word' id='word_1_187' title='bbox 672 2943 710 3005; x_wconf 88' lang='lat' dir='ltr'>Jo.</span> <span class='ocrx_word' id='word_1_188' title='bbox 722 2940 845 2990; x_wconf 61' lang='lat' dir='ltr'>Schraderr</span> <span class='ocrx_word' id='word_1_189' title='bbox 859 2942 996 2996; x_wconf 66' lang='lat' dir='ltr'>Emendatt⁴</span> <span class='ocrx_word' id='word_1_190' title='bbox 1009 2959 1033 3007; x_wconf 94' lang='lat' dir='ltr'>p.</span> <span class='ocrx_word' id='word_1_191' title='bbox 1044 2943 1208 3009; x_wconf 61' lang='lat' dir='ltr'>⁶4·-449a</span> 
     </span>
     <span class='ocr_line' id='line_1_25' title="bbox 229 3015 1209 3083; baseline 0.007 -20"><span class='ocrx_word' id='word_1_192' title='bbox 229 3031 288 3076; x_wconf 77' lang='lat'>450.</span> <span class='ocrx_word' id='word_1_193' title='bbox 306 3016 388 3064; x_wconf 85' lang='lat' dir='ltr'>Potest</span> <span class='ocrx_word' id='word_1_194' title='bbox 399 3029 423 3064; x_wconf 85' lang='lat' dir='ltr'>et</span> <span class='ocrx_word' id='word_1_195' title='bbox 433 3015 585 3079; x_wconf 80' lang='lat' dir='ltr'>interpungi:</span> <span class='ocrx_word' id='word_1_196' title='bbox 610 3017 642 3062; x_wconf 81' lang='lat' dir='ltr'>Et</span> <span class='ocrx_word' id='word_1_197' title='bbox 652 3019 821 3079; x_wconf 72' lang='lat' dir='ltr'>caput-cervice</span> <span class='ocrx_word' id='word_1_198' title='bbox 831 3017 926 3066; x_wconf 62' lang='lat' dir='ltr'>meabit</span> <span class='ocrx_word' id='word_1_199' title='bbox 936 3019 1081 3069; x_wconf 61' lang='lat' dir='ltr'>Marmoreae</span> <span class='ocrx_word' id='word_1_200' title='bbox 1096 3030 1124 3083; x_wconf 75' lang='lat' dir='ltr'>ut</span> <span class='ocrx_word' id='word_1_201' title='bbox 1135 3022 1209 3070; x_wconf 76' lang='lat' dir='ltr'>Scali-</span> 
     </span>
     <span class='ocr_line' id='line_1_26' title="bbox 229 3090 1208 3160; baseline 0.003 -20"><span class='ocrx_word' id='word_1_202' title='bbox 229 3107 274 3156; x_wconf 83' lang='lat' dir='ltr'>ger</span> <span class='ocrx_word' id='word_1_203' title='bbox 284 3091 385 3141; x_wconf 78' lang='lat' dir='ltr'>mavult.</span> <span class='ocrx_word' id='word_1_204' title='bbox 421 3091 580 3156; x_wconf 85' lang='lat' dir='ltr'>Qrodautern</span> <span class='ocrx_word' id='word_1_205' title='bbox 590 3090 697 3154; x_wconf 83' lang='lat' dir='ltr'>sequitur</span> <span class='ocrx_word' id='word_1_206' title='bbox 707 3106 714 3139; x_wconf 77' lang='lat' dir='ltr'>r</span> <span class='ocrx_word' id='word_1_207' title='bbox 731 3094 823 3142; x_wconf 64' lang='lat' dir='ltr'>adductis</span> <span class='ocrx_word' id='word_1_208' title='bbox 832 3093 934 3160; x_wconf 74' lang='lat' dir='ltr'><em>labascunt</em></span> <span class='ocrx_word' id='word_1_209' title='bbox 943 3094 1028 3139; x_wconf 81' lang='lat' dir='ltr'>brachia</span> <span class='ocrx_word' id='word_1_210' title='bbox 1038 3097 1101 3153; x_wconf 81' lang='lat' dir='ltr'>nodis,</span> <span class='ocrx_word' id='word_1_211' title='bbox 1116 3094 1142 3142; x_wconf 87' lang='lat' dir='ltr'>in</span> <span class='ocrx_word' id='word_1_212' title='bbox 1153 3111 1208 3143; x_wconf 85' lang='lat' dir='ltr'>ver·</span> 
     </span>
     <span class='ocr_line' id='line_1_27' title="bbox 229 3166 1207 3232; baseline 0.004 -17"><span class='ocrx_word' id='word_1_213' title='bbox 229 3169 269 3216; x_wconf 74' lang='lat' dir='ltr'>sue</span> <span class='ocrx_word' id='word_1_214' title='bbox 279 3167 358 3232; x_wconf 89' lang='lat' dir='ltr'>legem</span> <span class='ocrx_word' id='word_1_215' title='bbox 367 3167 479 3230; x_wconf 73' lang='lat' dir='ltr'>peccabat</span> <span class='ocrx_word' id='word_1_216' title='bbox 490 3182 496 3214; x_wconf 81' lang='lat' dir='ltr'>r</span> <span class='ocrx_word' id='word_1_217' title='bbox 513 3167 594 3229; x_wconf 88' lang='lat' dir='ltr'>itaque</span> <span class='ocrx_word' id='word_1_218' title='bbox 604 3166 692 3214; x_wconf 89' lang='lat' dir='ltr'>inserui</span> <span class='ocrx_word' id='word_1_219' title='bbox 703 3186 748 3232; x_wconf 74' lang='lat' dir='ltr'>que,</span> <span class='ocrx_word' id='word_1_220' title='bbox 764 3167 830 3230; x_wconf 90' lang='lat' dir='ltr'>quod</span> <span class='ocrx_word' id='word_1_221' title='bbox 838 3168 889 3230; x_wconf 82' lang='lat' dir='ltr'>jam</span> <span class='ocrx_word' id='word_1_222' title='bbox 900 3168 1006 3232; x_wconf 78' lang='lat' dir='ltr'>Scaliger</span> <span class='ocrx_word' id='word_1_223' title='bbox 1016 3168 1092 3218; x_wconf 86' lang='lat' dir='ltr'>lacere</span> <span class='ocrx_word' id='word_1_224' title='bbox 1103 3185 1207 3220; x_wconf 86' lang='lat' dir='ltr'>monue-</span> 
     </span>
     <span class='ocr_line' id='line_1_28' title="bbox 228 3242 1207 3310; baseline 0.002 -19"><span class='ocrx_word' id='word_1_225' title='bbox 228 3255 276 3302; x_wconf 83' lang='lat' dir='ltr'>rat,</span> <span class='ocrx_word' id='word_1_226' title='bbox 293 3255 318 3292; x_wconf 90' lang='lat' dir='ltr'>et</span> <span class='ocrx_word' id='word_1_227' title='bbox 330 3243 380 3306; x_wconf 85' lang='lat' dir='ltr'>jam</span> <span class='ocrx_word' id='word_1_228' title='bbox 390 3243 482 3292; x_wconf 75' lang='lat' dir='ltr'>laetum</span> <span class='ocrx_word' id='word_1_229' title='bbox 492 3242 563 3291; x_wconf 81' lang='lat' dir='ltr'>video</span> <span class='ocrx_word' id='word_1_230' title='bbox 573 3243 599 3290; x_wconf 92' lang='lat' dir='ltr'>in</span> <span class='ocrx_word' id='word_1_231' title='bbox 610 3243 648 3292; x_wconf 86' lang='lat' dir='ltr'>ed.</span> <span class='ocrx_word' id='word_1_232' title='bbox 659 3245 727 3308; x_wconf 84' lang='lat' dir='ltr'>Junt.</span> <span class='ocrx_word' id='word_1_233' title='bbox 757 3247 792 3290; x_wconf 87' lang='lat' dir='ltr'>At</span> <span class='ocrx_word' id='word_1_234' title='bbox 810 3243 869 3300; x_wconf 83' lang='lat' dir='ltr'>Ald.</span> <span class='ocrx_word' id='word_1_235' title='bbox 892 3256 917 3291; x_wconf 89' lang='lat' dir='ltr'>et</span> <span class='ocrx_word' id='word_1_236' title='bbox 936 3242 988 3291; x_wconf 83' lang='lat' dir='ltr'>aliae</span> <span class='ocrx_word' id='word_1_237' title='bbox 1008 3256 1067 3293; x_wconf 83' lang='lat' dir='ltr'>vett.</span> <span class='ocrx_word' id='word_1_238' title='bbox 1077 3246 1131 3293; x_wconf 89' lang='lat' dir='ltr'>edd.</span> <span class='ocrx_word' id='word_1_239' title='bbox 1142 3248 1207 3310; x_wconf 81' lang='lat' dir='ltr'>labes·</span> 
     </span>
     <span class='ocr_line' id='line_1_29' title="bbox 229 3318 1204 3378; baseline 0.007 -12"><span class='ocrx_word' id='word_1_240' title='bbox 229 3329 293 3366; x_wconf 79' lang='lat' dir='ltr'>cunt:</span> <span class='ocrx_word' id='word_1_241' title='bbox 309 3319 353 3366; x_wconf 90' lang='lat' dir='ltr'>hoc</span> <span class='ocrx_word' id='word_1_242' title='bbox 364 3331 442 3366; x_wconf 86' lang='lat' dir='ltr'>metro</span> <span class='ocrx_word' id='word_1_243' title='bbox 459 3331 562 3378; x_wconf 84' lang='lat' dir='ltr'>caveret,</span> <span class='ocrx_word' id='word_1_244' title='bbox 578 3335 591 3367; x_wconf 90' lang='lat' dir='ltr'>a</span> <span class='ocrx_word' id='word_1_245' title='bbox 613 3321 683 3370; x_wconf 81' lang='lat' dir='ltr'>labor.-</span> <span class='ocrx_word' id='word_1_246' title='bbox 701 3319 742 3368; x_wconf 83' lang='lat' dir='ltr'>sed</span> <span class='ocrx_word' id='word_1_247' title='bbox 759 3318 901 3368; x_wconf 69' lang='lat' dir='ltr'>auctoritate</span> <span class='ocrx_word' id='word_1_248' title='bbox 917 3319 1059 3368; x_wconf 82' lang='lat' dir='ltr'>destituitur.</span> <span class='ocrx_word' id='word_1_249' title='bbox 1093 3323 1120 3369; x_wconf 87' lang='lat' dir='ltr'>ln</span> <span class='ocrx_word' id='word_1_250' title='bbox 1132 3323 1204 3374; x_wconf 86' lang='lat' dir='ltr'>Misc.</span> 
     </span>
     <span class='ocr_line' id='line_1_30' title="bbox 230 3395 1206 3464; baseline 0.006 -20"><span class='ocrx_word' id='word_1_251' title='bbox 230 3395 299 3447; x_wconf 72' lang='lat' dir='ltr'>obli.</span> <span class='ocrx_word' id='word_1_252' title='bbox 310 3397 366 3446; x_wconf 80' lang='lat' dir='ltr'>V&#39;ol.</span> <span class='ocrx_word' id='word_1_253' title='bbox 379 3399 421 3455; x_wconf 83' lang='lat' dir='ltr'>lv,</span> <span class='ocrx_word' id='word_1_254' title='bbox 436 3411 492 3460; x_wconf 85' lang='lat' dir='ltr'>pag.</span> <span class='ocrx_word' id='word_1_255' title='bbox 515 3410 565 3456; x_wconf 76' lang='lat'>330</span> <span class='ocrx_word' id='word_1_256' title='bbox 583 3396 621 3444; x_wconf 80' lang='lat' dir='ltr'>vir</span> <span class='ocrx_word' id='word_1_257' title='bbox 637 3397 722 3445; x_wconf 73' lang='lat' dir='ltr'>dedus</span> <span class='ocrx_word' id='word_1_258' title='bbox 738 3397 774 3462; x_wconf 64' lang='lat' dir='ltr'>(Jc</span> <span class='ocrx_word' id='word_1_259' title='bbox 785 3396 945 3464; x_wconf 87' lang='lat' dir='ltr'>Jortin.)cum</span> <span class='ocrx_word' id='word_1_260' title='bbox 957 3395 1055 3445; x_wconf 85' lang='lat' dir='ltr'>Heinfio</span> <span class='ocrx_word' id='word_1_261' title='bbox 1065 3400 1206 3456; x_wconf 73' lang='lat' dir='ltr'>emendabat</span> 
     </span>
     <span class='ocr_line' id='line_1_31' title="bbox 228 3472 1207 3538; baseline 0.006 -17"><span class='ocrx_word' id='word_1_262' title='bbox 228 3476 340 3536; x_wconf 59' lang='lat' dir='ltr'>livescunt,</span> <span class='ocrx_word' id='word_1_263' title='bbox 353 3473 475 3538; x_wconf 77' lang='lat' dir='ltr'>eleganter</span> <span class='ocrx_word' id='word_1_264' title='bbox 486 3487 494 3521; x_wconf 68' lang='grc' dir='ltr'><strong>ι</strong></span> <span class='ocrx_word' id='word_1_265' title='bbox 511 3472 589 3521; x_wconf 84' lang='lat' dir='ltr'>nescio</span> <span class='ocrx_word' id='word_1_266' title='bbox 598 3483 680 3522; x_wconf 86' lang='lat' dir='ltr'>tamen</span> <span class='ocrx_word' id='word_1_267' title='bbox 690 3489 721 3522; x_wconf 88' lang='lat' dir='ltr'>an</span> <span class='ocrx_word' id='word_1_268' title='bbox 732 3489 797 3534; x_wconf 80' lang='lat' dir='ltr'>vere,</span> <span class='ocrx_word' id='word_1_269' title='bbox 814 3485 839 3522; x_wconf 88' lang='lat' dir='ltr'>et</span> <span class='ocrx_word' id='word_1_270' title='bbox 850 3491 878 3522; x_wconf 86' lang='lat' dir='ltr'>ex</span> <span class='ocrx_word' id='word_1_271' title='bbox 889 3479 970 3538; x_wconf 70' lang='lat' dir='ltr'>poeta</span> <span class='ocrx_word' id='word_1_272' title='bbox 981 3486 1070 3523; x_wconf 87' lang='lat' dir='ltr'>mente.</span> <span class='ocrx_word' id='word_1_273' title='bbox 1100 3476 1164 3524; x_wconf 87' lang='lat' dir='ltr'>Nam</span> <span class='ocrx_word' id='word_1_274' title='bbox 1175 3479 1207 3528; x_wconf 91' lang='lat' dir='ltr'>de</span> 
     </span>
     <span class='ocr_line' id='line_1_32' title="bbox 227 3547 1240 3617; baseline 0.004 -18"><span class='ocrx_word' id='word_1_275' title='bbox 227 3547 355 3599; x_wconf 82' lang='lat' dir='ltr'>deficiente</span> <span class='ocrx_word' id='word_1_276' title='bbox 372 3547 452 3614; x_wconf 84' lang='lat' dir='ltr'>puella</span> <span class='ocrx_word' id='word_1_277' title='bbox 470 3547 547 3598; x_wconf 86' lang='lat' dir='ltr'>sermo</span> <span class='ocrx_word' id='word_1_278' title='bbox 567 3547 608 3597; x_wconf 83' lang='lat' dir='ltr'>eil.</span> <span class='ocrx_word' id='word_1_279' title='bbox 644 3548 848 3616; x_wconf 79' lang='lat' dir='ltr'>Praestattabescun&#39;t</span> <span class='ocrx_word' id='word_1_280' title='bbox 858 3566 913 3598; x_wconf 87' lang='lat' dir='ltr'>cum</span> <span class='ocrx_word' id='word_1_281' title='bbox 924 3553 963 3615; x_wconf 88' lang='lat' dir='ltr'>Jo.</span> <span class='ocrx_word' id='word_1_282' title='bbox 975 3549 1104 3601; x_wconf 82' lang='lat' dir='ltr'>Schradero</span> <span class='ocrx_word' id='word_1_283' title='bbox 1114 3553 1205 3617; x_wconf 75' lang='lat' dir='ltr'>legere.</span> <span class='ocrx_word' id='word_1_284' title='bbox 1235 3573 1240 3578; x_wconf 93' lang='lat'><em>·</em></span> 
     </span>
    </p>
   </div>
   <div class='ocr_carea' id='block_1_6' title="bbox 224 3689 1206 3956">
    <p class='ocr_par' dir='ltr' id='par_1_7' title="bbox 224 3689 1206 3956">
     <span class='ocr_line' id='line_1_33' title="bbox 266 3689 1206 3802; baseline -0.003 -19"><span class='ocrx_word' id='word_1_285' title='bbox 266 3743 334 3802; x_wconf 83' lang='lat'><strong>44²·</strong></span> <span class='ocrx_word' id='word_1_286' title='bbox 350 3689 499 3800; x_wconf 84' lang='lat' dir='ltr'>Comparat</span> <span class='ocrx_word' id='word_1_287' title='bbox 512 3706 633 3801; x_wconf 87' lang='lat' dir='ltr'>Scaliger</span> <span class='ocrx_word' id='word_1_288' title='bbox 643 3715 694 3780; x_wconf 72' lang='lat' dir='ltr'>&#39;Ca-</span> <span class='ocrx_word' id='word_1_289' title='bbox 740 3722 815 3801; x_wconf 83' lang='lat' dir='ltr'>jugia</span> <span class='ocrx_word' id='word_1_290' title='bbox 836 3721 941 3779; x_wconf 86' lang='lat' dir='ltr'>Minois</span> <span class='ocrx_word' id='word_1_291' title='bbox 966 3721 1069 3781; x_wconf 87' lang='lat' dir='ltr'>habeti.</span> <span class='ocrx_word' id='word_1_292' title='bbox 1120 3723 1206 3781; x_wconf 85' lang='lat' dir='ltr'>Mene</span> 
     </span>
     <span class='ocr_line' id='line_1_34' title="bbox 226 3799 1206 3877; baseline -0.002 -19"><span class='ocrx_word' id='word_1_293' title='bbox 226 3801 292 3859; x_wconf 81' lang='lat' dir='ltr'>tull.</span> <span class='ocrx_word' id='word_1_294' title='bbox 313 3799 433 3877; x_wconf 88' lang='lat' dir='ltr'>Epithal.</span> <span class='ocrx_word' id='word_1_295' title='bbox 455 3800 572 3857; x_wconf 87' lang='lat' dir='ltr'>Thetld.</span> <span class='ocrx_word' id='word_1_296' title='bbox 590 3813 640 3876; x_wconf 82' lang='lat'>153</span> <span class='ocrx_word' id='word_1_297' title='bbox 655 3823 697 3856; x_wconf 86' lang='lat' dir='ltr'>ne·</span> <span class='ocrx_word' id='word_1_298' title='bbox 743 3817 799 3857; x_wconf 89' lang='lat' dir='ltr'>non</span> <span class='ocrx_word' id='word_1_299' title='bbox 810 3799 890 3857; x_wconf 90' lang='lat' dir='ltr'>licuit</span> <span class='ocrx_word' id='word_1_300' title='bbox 914 3799 1073 3855; x_wconf 80' lang='lat' dir='ltr'>famularum</span> <span class='ocrx_word' id='word_1_301' title='bbox 1096 3817 1206 3856; x_wconf 86' lang='lat' dir='ltr'>munere</span> 
     </span>
     <span class='ocr_line' id='line_1_35' title="bbox 224 3872 1206 3956; baseline -0.004 -20"><span class='ocrx_word' id='word_1_302' title='bbox 224 3898 273 3956; x_wconf 81' lang='lat' dir='ltr'>que</span> <span class='ocrx_word' id='word_1_303' title='bbox 284 3882 378 3954; x_wconf 69' lang='lat' dir='ltr'>irq&#39;etia</span> <span class='ocrx_word' id='word_1_304' title='bbox 390 3876 533 3933; x_wconf 84' lang='lat' dir='ltr'>tumulabor</span> <span class='ocrx_word' id='word_1_305' title='bbox 542 3893 637 3934; x_wconf 79' lang='lat' dir='ltr'>mortua</span> <span class='ocrx_word' id='word_1_306' title='bbox 646 3892 696 3932; x_wconf 78' lang='lat' dir='ltr'>ter·</span> <span class='ocrx_word' id='word_1_307' title='bbox 742 3874 823 3952; x_wconf 80' lang='lat' dir='ltr'>fungi</span> <span class='ocrx_word' id='word_1_308' title='bbox 834 3875 845 3932; x_wconf 77' lang='lat' dir='ltr'>l.</span> <span class='ocrx_word' id='word_1_309' title='bbox 862 3886 889 3931; x_wconf 76' lang='lat' dir='ltr'>et</span> <span class='ocrx_word' id='word_1_310' title='bbox 901 3874 973 3930; x_wconf 87' lang='lat' dir='ltr'><strong>fusos</strong></span> <span class='ocrx_word' id='word_1_311' title='bbox 984 3872 1065 3950; x_wconf 83' lang='lat' dir='ltr'>penso</span> <span class='ocrx_word' id='word_1_312' title='bbox 1077 3873 1206 3950; x_wconf 74' lang='lat' dir='ltr'>gravidos</span> 
     </span>
    </p>
   </div>
   <div class='ocr_carea' id='block_1_7' title="bbox 225 3949 1312 4030">
    <p class='ocr_par' dir='ltr' id='par_1_8' title="bbox 225 3949 1312 4030">
     <span class='ocr_line' id='line_1_36' title="bbox 225 3949 1312 4030; baseline -0.009 -18"><span class='ocrx_word' id='word_1_313' title='bbox 225 3974 281 4012; x_wconf 79' lang='lat' dir='ltr'>ra:</span> <span class='ocrx_word' id='word_1_314' title='bbox 300 3968 405 4010; x_wconf 87' lang='lat' dir='ltr'>etcum</span> <span class='ocrx_word' id='word_1_315' title='bbox 419 3951 493 4030; x_wconf 86' lang='lat' dir='ltr'>seqq.</span> <span class='ocrx_word' id='word_1_316' title='bbox 506 3953 580 4008; x_wconf 73' lang='lat' dir='ltr'>verli.</span> <span class='ocrx_word' id='word_1_317' title='bbox 593 3951 696 4010; x_wconf 87' lang='lat' dir='ltr'>ibidem</span> <span class='ocrx_word' id='word_1_318' title='bbox 744 3949 930 4028; x_wconf 82' lang='lat' dir='ltr'>conjugistuae</span> <span class='ocrx_word' id='word_1_319' title='bbox 941 3950 1101 4006; x_wconf 82' lang='lat' dir='ltr'>devolvere?</span> <span class='ocrx_word' id='word_1_320' title='bbox 1130 3949 1204 4008; x_wconf 88' lang='lat' dir='ltr'>Ima·</span> <span class='ocrx_word' id='word_1_321' title='bbox 1308 3993 1312 4002; x_wconf 92' lang='lat'>.</span> 
     </span>
    </p>
   </div>
   <div class='ocr_carea' id='block_1_8' title="bbox 222 4021 1206 4486">
    <p class='ocr_par' dir='ltr' id='par_1_9' title="bbox 222 4021 1205 4412">
     <span class='ocr_line' id='line_1_37' title="bbox 224 4021 1204 4106; baseline -0.008 -20"><span class='ocrx_word' id='word_1_322' title='bbox 224 4021 384 4106; x_wconf 80' lang='lat' dir='ltr'>versus158</span> <span class='ocrx_word' id='word_1_323' title='bbox 404 4025 463 4104; x_wconf 84' lang='lat' dir='ltr'><strong>s&#39;qq.</strong></span> <span class='ocrx_word' id='word_1_324' title='bbox 501 4028 613 4086; x_wconf 88' lang='lat' dir='ltr'>Scilicet</span> <span class='ocrx_word' id='word_1_325' title='bbox 632 4047 695 4086; x_wconf 88' lang='lat' dir='ltr'>cum</span> <span class='ocrx_word' id='word_1_326' title='bbox 743 4047 780 4104; x_wconf 88' lang='lat' dir='ltr'>go</span> <span class='ocrx_word' id='word_1_327' title='bbox 794 4025 928 4084; x_wconf 82' lang='lat' dir='ltr'>servitutis</span> <span class='ocrx_word' id='word_1_328' title='bbox 939 4023 1028 4103; x_wconf 70' lang='lat' dir='ltr'>poetis</span> <span class='ocrx_word' id='word_1_329' title='bbox 1053 4025 1204 4102; x_wconf 83' lang='lat' dir='ltr'>frequenta.</span> 
     </span>
     <span class='ocr_line' id='line_1_38' title="bbox 222 4101 1204 4182; baseline -0.002 -19"><span class='ocrx_word' id='word_1_330' title='bbox 222 4105 251 4162; x_wconf 83' lang='lat' dir='ltr'>se</span> <span class='ocrx_word' id='word_1_331' title='bbox 262 4104 347 4162; x_wconf 89' lang='lat' dir='ltr'>etlam</span> <span class='ocrx_word' id='word_1_332' title='bbox 361 4105 468 4160; x_wconf 87' lang='lat' dir='ltr'>tumulo</span> <span class='ocrx_word' id='word_1_333' title='bbox 493 4104 595 4182; x_wconf 87' lang='lat' dir='ltr'>privari</span> <span class='ocrx_word' id='word_1_334' title='bbox 608 4103 695 4160; x_wconf 84' lang='lat' dir='ltr'>dixis·</span> <span class='ocrx_word' id='word_1_335' title='bbox 744 4120 787 4160; x_wconf 90' lang='lat' dir='ltr'>ta:</span> <span class='ocrx_word' id='word_1_336' title='bbox 808 4118 835 4160; x_wconf 90' lang='lat' dir='ltr'>et</span> <span class='ocrx_word' id='word_1_337' title='bbox 849 4102 960 4160; x_wconf 85' lang='lat' dir='ltr'>Catullo</span> <span class='ocrx_word' id='word_1_338' title='bbox 972 4101 1067 4158; x_wconf 87' lang='lat' dir='ltr'>eodem</span> <span class='ocrx_word' id='word_1_339' title='bbox 1089 4103 1151 4161; x_wconf 79' lang='lat' dir='ltr'>laco</span> <span class='ocrx_word' id='word_1_340' title='bbox 1172 4104 1204 4161; x_wconf 89' lang='lat' dir='ltr'>in</span> 
     </span>
     <span class='ocr_line' id='line_1_39' title="bbox 222 4177 1204 4312; baseline -0.001 -74"><span class='ocrx_word' id='word_1_341' title='bbox 222 4181 273 4250; x_wconf 86' lang='lat' dir='ltr'>set,</span> <span class='ocrx_word' id='word_1_342' title='bbox 293 4181 373 4237; x_wconf 88' lang='lat' dir='ltr'>addit</span> <span class='ocrx_word' id='word_1_343' title='bbox 388 4181 491 4254; x_wconf 86' lang='lat' dir='ltr'>Scylla,</span> <span class='ocrx_word' id='word_1_344' title='bbox 511 4180 629 4238; x_wconf 79' lang='lat' dir='ltr'>debuisse</span> <span class='ocrx_word' id='word_1_345' title='bbox 643 4179 696 4236; x_wconf 86' lang='lat' dir='ltr'>l&#39;al·</span> <span class='ocrx_word' id='word_1_346' title='bbox 744 4177 877 4236; x_wconf 75' lang='lat' dir='ltr'>Ariadnes</span> <span class='ocrx_word' id='word_1_347' title='bbox 889 4177 1001 4256; x_wconf 80' lang='lat' dir='ltr'>querelis</span> <span class='ocrx_word' id='word_1_348' title='bbox 1015 4178 1070 4235; x_wconf 83' lang='lat'>160</span> <span class='ocrx_word' id='word_1_349' title='bbox 1080 4177 1137 4312; x_wconf 56' lang='lat' dir='ltr'>sqg.</span> <span class='ocrx_word' id='word_1_350' title='bbox 1162 4180 1204 4238; x_wconf 88' lang='lat' dir='ltr'>cf.</span> 
     </span>
     <span class='ocr_line' id='line_1_40' title="bbox 222 4253 1205 4334; baseline -0.001 -19"><span class='ocrx_word' id='word_1_351' title='bbox 222 4268 278 4316; x_wconf 78' lang='lat' dir='ltr'>tem</span> <span class='ocrx_word' id='word_1_352' title='bbox 291 4265 430 4332; x_wconf 85' lang='lat' dir='ltr'>tamquam</span> <span class='ocrx_word' id='word_1_353' title='bbox 440 4257 573 4334; x_wconf 89' lang='lat' dir='ltr'>captivam</span> <span class='ocrx_word' id='word_1_354' title='bbox 585 4256 614 4312; x_wconf 92' lang='lat' dir='ltr'>in</span> <span class='ocrx_word' id='word_1_355' title='bbox 627 4255 695 4313; x_wconf 88' lang='lat' dir='ltr'>Cre·</span> <span class='ocrx_word' id='word_1_356' title='bbox 744 4255 898 4314; x_wconf 88' lang='lat' dir='ltr'>Mitscherl.</span> <span class='ocrx_word' id='word_1_357' title='bbox 911 4253 1050 4314; x_wconf 72' lang='lat' dir='ltr'>Lectiones</span> <span class='ocrx_word' id='word_1_358' title='bbox 1058 4255 1087 4313; x_wconf 93' lang='lat' dir='ltr'>in</span> <span class='ocrx_word' id='word_1_359' title='bbox 1127 4258 1205 4315; x_wconf 84' lang='lat' dir='ltr'>atull.</span> 
     </span>
     <span class='ocr_line' id='line_1_41' title="bbox 225 4331 887 4412; baseline -0.003 -19"><span class='ocrx_word' id='word_1_360' title='bbox 225 4348 281 4393; x_wconf 83' lang='lat' dir='ltr'>tam</span> <span class='ocrx_word' id='word_1_361' title='bbox 294 4331 400 4390; x_wconf 83' lang='lat' dir='ltr'>abduci</span> <span class='ocrx_word' id='word_1_362' title='bbox 421 4345 449 4389; x_wconf 87' lang='lat' dir='ltr'>et</span> <span class='ocrx_word' id='word_1_363' title='bbox 462 4333 492 4390; x_wconf 88' lang='lat' dir='ltr'>in</span> <span class='ocrx_word' id='word_1_364' title='bbox 505 4331 617 4392; x_wconf 81' lang='lat' dir='ltr'>servitio</span> <span class='ocrx_word' id='word_1_365' title='bbox 631 4350 696 4390; x_wconf 82' lang='lat' dir='ltr'>con·</span> <span class='ocrx_word' id='word_1_366' title='bbox 742 4351 808 4410; x_wconf 86' lang='lat' dir='ltr'>pag.</span> <span class='ocrx_word' id='word_1_367' title='bbox 824 4351 887 4412; x_wconf 76' lang='lat'><strong>¹07·</strong></span> 
     </span>
    </p>

    <p class='ocr_par' dir='ltr' id='par_1_10' title="bbox 263 4407 1206 4486">
     <span class='ocr_line' id='line_1_42' title="bbox 263 4407 1206 4486; baseline 0.002 -20"><span class='ocrx_word' id='word_1_368' title='bbox 263 4411 357 4466; x_wconf 74' lang='lat' dir='ltr'><strong>TOM·</strong></span> <span class='ocrx_word' id='word_1_369' title='bbox 377 4407 434 4467; x_wconf 75' lang='lat' dir='ltr'>lv·</span> <span class='ocrx_word' id='word_1_370' title='bbox 817 4449 823 4459; x_wconf 64' lang='grc' dir='ltr'><em>ι</em></span> <span class='ocrx_word' id='word_1_371' title='bbox 1137 4420 1206 4486; x_wconf 70' lang='lat'>455·</span> 
     </span>
    </p>
   </div>
   <div class='ocr_carea' id='block_1_9' title="bbox 0 0 1618 5200">
    <p class='ocr_par' dir='ltr' id='par_1_11' title="bbox 0 0 1618 5200">
     <span class='ocr_line' id='line_1_43' title="bbox 0 0 1618 5200; baseline 0 4"><span class='ocrx_word' id='word_1_372' title='bbox 0 0 1618 5200; x_wconf 95' lang='lat' dir='ltr'> </span> 
     </span>
    </p>
   </div>
  </div>
 </body>
</html>
