3225 5200
378 512 449 587 '120
519 505 560 579 P.
598 500 873 577 VIRGILII
915 499 1206 575 MARONIS

380 697 577 796 Qidquid,
595 718 630 770 ct
645 714 685 793 ut
702 692 859 792 quisquis
875 668 937 769 teli
952 696 997 769 de
1014 697 1114 771 clade
1128 696 1279 783 locutus,
1335 728 1341 754 ³

379 832 513 903 Omnia
528 832 615 903 sint:
640 831 757 927 potius
769 831 873 903 liceat
885 830 1061 903 notescere
1075 831 1197 905 Cirin:
1301 850 1354 925 90

378 959 498 1054 Atque
513 983 620 1031 unam
637 982 680 1029 ex
693 958 815 1029 multis
832 959 986 1053 Scyllam
1002 984 1073 1036 non
1089 959 1156 1034 esse
1167 962 1306 1057 puellis.

378 1093 510 1193 Qare,
526 1102 617 1189 quae,
633 1110 755 1171 cantus
772 1090 958 1165 meditanti
976 1094 1115 1167 mittere
1130 1110 1257 1179 certos,
1336 1170 1340 1175 ,

375 1308 415 1341 nur
433 1290 473 1340 vel
490 1294 599 1343 Pothinus
616 1300 675 1341 vctta
692 1289 746 1339 edd.
767 1304 823 1338 cum
841 1287 911 1338 codd.
946 1287 1020 1355 Qod
1034 1304 1097 1337 nunc
1115 1287 1237 1348 habemur,
1254 1306 1283 1339 ex
1294 1286 1352 1355 Jani

376 1367 494 1416 Parrhasii
505 1369 669 1417 emendatione
680 1366 817 1431 profectum
828 1366 870 1425 cll,
885 1381 958 1429 quam
969 1366 999 1414 ad
1010 1366 1135 1415 Claudiani
1147 1369 1177 1415 R.
1189 1368 1298 1432 Proserp.
1306 1366 1351 1415 sub

376 1440 419 1491 fin.
430 1444 538 1509 testetur.
551 1444 582 1495 es.
594 1445 644 1508 sup.
655 1445 685 1493 ad
696 1458 721 1492 v.
735 1442 775 1493 bb.
789 1442 831 1501 67.
864 1443 996 1505 Recepcnm
1006 1442 1125 1506 eam-jam
1134 1443 1204 1513 rideo
1221 1444 1247 1491 in
1261 1442 1352 1511 Aldine

379 1531 452 1579 1517,
463 1536 535 1583 quam
544 1520 636 1584 semper
646 1518 750 1581 intelligi
761 1518 786 1565 in
797 1517 835 1566 hie
848 1517 992 1565 carminibus
1000 1518 1120 1574 volumus,
1132 1521 1225 1582 quotics
1235 1517 1353 1572 Aldinam

375 1594 514 1644 excitamus.
547 1596 585 1643 De
603 1596 743 1659 Pelaephaeia
762 1611 814 1641 voce
833 1592 937 1641 dubitari
956 1592 997 1640 vix
1014 1592 1104 1657 potest3
1118 1605 1214 1659 papyrus
1224 1593 1353 1643 commode

374 1670 475 1732 quidem
488 1670 569 1727 Ιεᾶἰο,
585 1669 680 1719 desensn
690 1682 785 1731 quoque
795 1667 916 1715 eScbotto
927 1670 987 1716 Not.
1004 1668 1030 1715 in
1041 1668 1120 1717 Procli
1132 1668 1309 1719 Chrestomath.
1321 1685 1350 1733 p.

376 1758 419 1805 22,
434 1762 477 1795 occ
488 1757 568 1793 tamen
579 1746 644 1793 dictu
655 1743 864 1806 facile,quornod0
875 1759 903 1791 ea
913 1743 938 1791 in
949 1746 1065 1809 Pachynus
1075 1744 1140 1793 abire
1150 1744 1263 1809 potuerit.
1296 1745 1352 1793 See·
1402 1752 1406 1759 “

373 1820 437 1885 liger
448 1838 476 1869 eo
488 1820 584 1869 nomine
596 1822 681 1883 podma
698 1818 737 1865 seu
754 1834 814 1881 opus
828 1820 970 1881 μθολιγαὺ
986 1820 1116 1884 Palaephati
1133 1819 1353 1884 suiffesuspicetur,
1386 1872 1390 1882 ,
1425 1827 1430 1835 ’

373 1898 441 1962 quod
451 1898 481 1946 de
492 1896 576 1945 Siciliae
586 1895 695 1945 fabulosis
705 1895 782 1943 multa
798 1898 952 1956 continuerit,
972 1914 1027 1947 cunr
1047 1898 1172 1962 Pachynus
1189 1899 1274 1949 sicilia
1293 1915 1352 1964 pro,-

373 1974 524 2023 montorium
542 1971 578 2021 fit.
611 1976 711 2029 Verum,
726 1971 790 2035 quod
802 1987 856 2020 eam
866 1971 1022 2036 suspicionem
1039 1973 1109 2038 juvet
1122 1976 1162 2023 vel
1181 1974 1270 2034 firmet,
1288 1974 1350 2036 nihil

372 2050 492 2108 occurrit;
508 2059 532 2097 et
543 2047 647 2097 monstra
658 2047 847 2112 corruptelarum
859 2047 942 2098 similla
949 2049 1087 2109 inuoctbue,
1095 2067 1148 2114 qun
1160 2051 1258 2101 librario
1269 2051 1351 2101 notio,-

373 2142 413 2175 ree
423 2126 468 2175 esse
479 2124 605 2184 debebant,
620 2140 693 2189 quam
709 2140 752 2181 ece,
771 2140 830 2187 quae
845 2125 974 2186 substituit,
994 2126 1065 2191 plura
1081 2128 1112 2175 ad
1128 2144 1227 2178 manum
1240 2128 1309 2186 sunt3
1325 2139 1351 2177 et

369 2216 477 2269 papyrus,
494 2203 579 2255 chatra,
595 2200 706 2265 frequens
723 2199 755 2247 est
774 2212 840 2248 certo
859 2207 992 2265 poetarum
1010 2203 1094 2266 generi
1112 2219 1156 2266 pro
1167 2202 1348 2267 libem—89.

372 2291 394 2333 et
411 2294 435 2327 ue
453 2277 538 2344 qusque
556 2277 583 2341 est
603 2277 643 2323 tali
659 2277 685 2323 de
698 2275 757 2323 clade
767 2276 874 2339 loquutur.
908 2278 944 2324 lte
954 2276 1084 2340 legendum
1095 2294 1125 2326 ex
1137 2280 1226 2329 Aldina
1236 2290 1261 2326 et
1271 2295 1285 2325 e
1296 2292 1350 2331 vet.

372 2356 479 2407 editione
498 2352 561 2419 apud
579 2354 700 2401 Lodnscm
718 2353 734 2401 l.
753 2368 785 2409 c.,
804 2368 831 2400 ae
850 2354 892 2401 ms.
909 2354 1031 2414 Helmst.;
1047 2366 1101 2403 tum
1120 2355 1200 2406 licebit
1222 2357 1348 2421 acciperet

373 2437 449 2482 Omnia
455 2434 510 2495 stnt,
519 2428 621 2477 habeant
631 2430 663 2486 se,
675 2445 703 2477 ut
714 2427 805 2476 volunt.
837 2429 922 2494 Jejuna
933 2441 1013 2478 tamen
1025 2430 1142 2480 haee'sunt
1152 2433 1242 2484 omnia.
1260 2434 1348 2501 Heius.

372 2508 483 2557 divinat:
500 2504 611 2571 Qicquid
630 2518 649 2551 et
668 2503 716 2569 (vel
735 2504 773 2564 id)
791 2505 827 2567 est,
843 2505 883 2553 tasi
900 2507 957 2570 quod
972 2511 1019 2571 quis
1036 2508 1063 2554 de
1078 2508 1139 2556 clade
1155 2509 1243 2565 Iocutus,
1263 2512 1350 2560 Somnia

366 2586 532 2653 fitne—90.
548 2579 652 2654 Scaliger
663 2596 718 2629 cum
735 2579 824 2628 Aldina
843 2580 922 2629 minue
936 2582 997 2631 bene
1011 2582 1109 2648 jungite
1127 2570 1202 2634 Omnia
1209 2587 1257 2650 stne
1267 2592 1350 2652 pocius,

373 2662 548 2722 φίντᾶμΐιλλη.
580 2655 647 2703 Tum
661 2658 714 2724 sunt
735 2656 809 2721 (quod
829 2657 907 2706 etms.
922 2657 1002 2719 nant)
1014 2670 1045 2710 ,et
1065 2664 1119 2716 crini
1138 2661 1193 2712 edd.
1214 2673 1274 2712 vett.
1291 2677 1351 2724 ante

371 2737 498 2794 Aldinaru,
515 2743 542 2781 ut
553 2730 593 2780 fit:
609 2733 671 2781 liceat
682 2731 774 2796 Scyllam
789 2732 886 2798 notescere
903 2735 963 2791 crini,
984 2745 1083 2797 propter
1094 2735 1209 2799 capillum¹
1218 2739 1293 2806 patrie
1308 2758 1349 2800 re,

370 2813 556 2872 cisum-*on
582 2809 657 2872 Atque
673 2807 735 2856 liceat
756 2807 907 2872 (notescere),
929 2810 1022 2875 Scyllam
1039 2830 1077 2859 non
1095 2813 1132 2878 effi
1149 2833 1212 2862 unam
1231 2833 1259 2867 ex
1274 2820 1350 2880 neustr}
1394 2861 1399 2870 ,

367 2888 454 2954 puellis,
467 2885 518 2946 pler
534 2885 558 2930 le
574 2882 670 2940 «stude,
685 2897 734 2932 nou
752 2881 798 2934 effe
816 2883 955 2947 ignobilem,
978 2897 1005 2934 ut
1026 2885 1087 2934 bene
1109 2887 1215 2952 Scaliger
1237 2892 1349 2956 explicat,

371 2963 412 3011 sed
428 2961 515 3010 scilicet
526 2958 631 3006 carmine
650 2973 705 3008 meo
724 2956 883 3007 inclarescere.
917 2961 983 3009 Sicsr
999 2963 1097 3026 juvetur
1108 2965 1194 3026 oratio,
1215 2967 1256 3015 etsi
1267 2971 1350 3028 versun

370 3057 420 3108 non
431 3041 484 3089 suut
495 3055 524 3086 er
533 3035 682 3102 politiffimie,
700 3051 748 3084 non
764 3036 880 3086 desideres
890 3038 1023 3102 subjedam
1033 3056 1089 3090 mox
1100 3058 1114 3089 a
1125 3043 1244 3108 Scaligero
1255 3063 1349 3098 correc-

368 3119 462 3167 tionem
481 3114 535 3163 satie
552 3111 657 3170 obviam,
676 3123 703 3159 ut
722 3115 798 3180 novsse
815 3130 860 3178 pro
877 3134 916 3163 non
940 3120 977 3183 effi
995 3117 1118 3180 legamus:
1135 3129 1162 3165 ut
1181 3119 1226 3167 lit:
1245 3133 1269 3169 et
1280 3127 1348 3179 nolle

368 3195 472 3259 Scyllam
486 3191 599 3257 puellam.
632 3189 727 3237 Laudat
744 3189 810 3238 idem
828 3189 1002 3240 Theocrltenm
1019 3194 1179 3258 epigramma:
1197 3195 1222 3248 εἷς
1241 3202 1286 3247 ἀπὸ
1303 3185 1347 3253 ὦ

368 3275 455 3323 πολλῶ
472 3273 522 3332 ipro
541 3268 677 3334 Συρακοσίων.
709 3268 814 3316 Duriora
824 3269 910 3318 dedere
920 3270 1032 3318 Barthiue
1042 3282 1066 3317 et
1077 3269 1261 3322 Taubroannmi
1277 3279 1349 3343 Scyl.

367 3352 417 3400 lam
433 3365 481 3396 non
492 3346 537 3394 elle
548 3343 649 3407 emplius
660 3343 775 3408 puellam,
791 3345 832 3393 sed
848 3360 929 3392 avem:
947 3356 987 3392 aut
998 3363 1036 3397 non
1047 3348 1084 3412 effe
1094 3361 1138 3408 pro
1149 3344 1225 3405 suiffe,
1234 3348 1285 3399 fato
1297 3355 1347 3412 esl'e

366 3425 483 3488 fundam,
492 3436 624 3487 perperam.
658 3419 740 3468 Heins.
753 3439 807 3470 nunc
816 3421 872 3485 seire
885 3421 1021 3473 volcarum
1033 3419 1204 3486 coni—92.
1225 3428 1303 3495 Qare
1314 3447 1346 3484 er.
1402 3481 1407 3484 ,

1257 3508 1348 3562 Melius

368 3649 572 3722 CLXXXIV:
594 3651 829 3720 issrveinnlclers,
916 3661 952 3733 89
979 3655 1039 3734 sqq.
1078 3655 1183 3716 Verum
1212 3637 1345 3748 cujusque

368 3729 463 3790 sivein
482 3728 596 3794 Hecale,
610 3743 640 3786 ut
654 3728 745 3804 Toup.
759 3729 828 3787 Cur.
876 3734 953 3791 modi
968 3733 1025 3792 haec
1036 3734 1198 3803 omniafint,
1210 3737 1344 3813 quicquid

366 3807 461 3865 noviss.
475 3807 510 3863 ad
522 3805 601 3864 Suid.
612 3826 640 3882 p.
657 3805 829 3880 teporatur,
874 3823 902 3866 et
922 3824 952 3866 nt
972 3810 1086 3888 quisque
1109 3813 1144 3869 de
1157 3811 1192 3869 iis
1204 3807 1341 3884 narravit;

368 3883 485 3958 Scyllam
497 3881 636 3939 mulierem
656 3879 830 3939 libidinosum
875 3887 1001 3962 equidem
1022 3888 1057 3944 de
1079 3907 1111 3944 ea
1133 3889 1223 3961 Scylla
1247 3909 1344 3967 agam,

367 3958 504 4016 ediderat:
527 3960 640 4024 Σκύλλα,
663 3961 732 4030 γυνὴ,
745 3984 829 4016 καιτα-
876 3983 936 4038 quae
949 3963 978 4019 in
993 3963 1073 4021 Citin
1086 3978 1188 4022 mutata
1200 3965 1246 4022 est.
1275 3962 1350 4024 δία(

366 4039 449 4099 xiva,
469 4035 514 4092 nal
525 4039 540 4093 d
553 4035 713 4106 ebdbosduopc'
725 4038 827 4110 ἔχεσι.
876 4042 916 4095 des
929 4037 1036 4096 videtur
1048 4040 1105 4116 ipsa
1124 4041 1272 4116 perniciosa
1291 4063 1342 4120 pu-

367 4107 484 4168 Dixetat
501 4111 536 4168 de
557 4114 669 4172 eadem:
697 4119 828 4190 ποςφνςέην
875 4116 926 4172 ella
936 4115 1002 4171 esse:
1012 4119 1097 4192 fundi
1105 4119 1180 4190 nostri
1195 4117 1342 4191 calamitas.

366 4188 446 4254 ἤμησε
469 4192 555 4262 egena,
578 4190 607 4251 h.
631 4210 656 4252 e.
679 4192 776 4268 τςίχα,
798 4211 827 4252 v.
914 4209 1057 4266 92-100.
1089 4194 1178 4267 Qare
1204 4195 1341 4269 rifi-dicre

364 4262 399 4326 ad
412 4279 455 4338 pr.
661 4327 664 4330 ,
825 4327 830 4335 ,
874 4266 1088 4342 Pieridet-rrunc
1099 4291 1157 4346 age,
1174 4269 1259 4346 drioae,
1275 4293 1341 4328 nunc

1250 4359 1341 4423 praeci-
