3225 5200
523 507 599 581 ru
649 499 994 580 cumcurn.
1208 534 1255 614 u

271 708 463 795 ineuliee,
474 701 878 804 cujusfiredlejudico,
890 703 1090 800 plusquam
1102 705 1254 780 dimidia
1318 752 1322 756 -

272 853 352 928 pars
367 828 544 928 ejusmodi
559 825 856 899 scholasticorum
867 825 1019 901 versibus
1030 827 1254 902 consarcina-

273 974 309 1026 ta
322 956 384 1026 est.
433 948 561 1024 Versus
576 948 719 1020 hos-aut
731 948 824 1020 inter
839 947 948 1020 lineas
964 965 1024 1020 aut
1039 949 1076 1020 iu
1089 950 1253 1046 margine

274 1077 472 1172 adscriptos
492 1071 625 1146 librarii
642 1071 787 1158 indocti,
808 1073 871 1167 qui
893 1071 1058 1146 codicem
1073 1071 1254 1147 describe-

275 1201 370 1288 bant,
386 1199 479 1270 forte
495 1198 604 1270 etiam
619 1212 661 1268 ut
676 1196 875 1292 pleniorem
891 1197 1055 1270 codicem
1071 1198 1253 1272 venditare

273 1320 421 1417 possent,
445 1319 484 1392 in
511 1319 627 1414 ipsum
648 1342 793 1392 carmen
816 1317 1040 1403 inserserant;
1068 1340 1175 1417 atque
1201 1323 1251 1400 fic

275 1429 404 1530 evenit,
418 1461 458 1516 ut
474 1444 562 1516 illud
584 1443 839 1539 interpolatum
856 1442 980 1516 misere
994 1447 1156 1520 et'modo
1172 1473 1252 1522 ver.

275 1565 367 1640 srbus
391 1565 470 1639 satis
500 1567 617 1652 bonis,
646 1563 756 1638 modo
777 1564 912 1638 inscitis
939 1583 976 1638 et
999 1567 1161 1658 indoctis,
1188 1591 1251 1648 aut

275 1695 413 1783 hiulcis,
442 1713 477 1767 et
502 1694 647 1781 scabris,
673 1692 850 1766 foedatum
873 1692 922 1764 ad⁴
944 1719 1007 1768 nos
1034 1697 1251 1792 perveniret,

275 1817 383 1916 Qod
398 1842 470 1889 non
486 1815 770 1890 animadversum
786 1795 903 1888 fraudi
923 1817 991 1890 fuit
1002 1800 1098 1890 'viris
1123 1820 1250 1914 doctis,

275 1967 374 2038 quos,
401 1961 479 2016 tam
504 1940 655 2014 diversae
679 1959 775 2014 notae
803 1959 984 2014 monetam
1010 1945 1135 2019 eodem
1169 1949 1251 2022 loco

274 2067 454 2152 habentes,
469 2067 508 2137 in
524 2065 645 2138 multis
661 2065 836 2161 trepidare
845 2065 979 2136 necesse
1001 2066 1080 2138 fuit.
1132 2069 1252 2144 Facile
1303 2119 1306 2127 ·

276 2187 365 2259 adeo
380 2211 423 2258 ex
441 2186 498 2258 nis
513 2185 625 2282 potest
639 2185 806 2280 intelligi,
832 2175 985 2256 fundum
1000 2187 1146 2281 quidem
1170 2214 1249 2262 car.

278 2313 383 2384 minis
399 2309 466 2382 else
486 2308 583 2406 polle
599 2308 761 2381 Culicem
777 2307 883 2382 illurn
905 2307 1167 2400 Maronianurn,
1189 2313 1252 2386 sed

274 2451 420 2510 attentas
431 2435 500 2508 else
516 2433 770 2506 aScholallicis
788 2449 825 2504 et
837 2431 1092 2509 Grammaticis
1103 2436 1249 2509 lacinias

274 2563 458 2663 plurimas,
472 2558 602 2657 quibus
619 2555 755 2655 priscus
777 2555 943 2629 carminis
960 2557 1056 2631 nitor
1076 2558 1250 2656 plerisque

274 2690 313 2761 in
330 2690 415 2762 locis
433 2687 630 2761 admodum
645 2686 785 2757 attritus
801 2702 842 2757 ut
854 2684 896 2757 lit
912 2685 1045 2757 necesse
1059 2686 1120 2760 est.

322 2816 441 2910 Atque
467 2814 546 2887 haec
564 2811 639 2908 ipsa
664 2811 811 2900 faciunt,
837 2829 877 2883 ut
902 2812 964 2883 vix
986 2834 1072 2883 curn
1096 2812 1250 2887 delecta.
1297 2852 1301 2908 1

275 2935 381 3022 tione,
400 2960 464 3008 nec
481 2938 546 3009 nisi
562 2936 607 3008 ab
624 2926 679 3021 en,¹
701 2936 764 3033 qui
777 2935 858 3033 jam
874 2934 1094 3029 aliquantum
1106 2936 1143 3005 in
1159 2936 1250 3031 po'e'.

274 3074 389 3128 tarum
416 3056 565 3131 lectione
587 3056 743 3130 ¹versatus
770 3056 824 3145 sit,
852 3056 924 3151 legi
949 3053 1051 3149 pollit
1078 3058 1146 3128 hoc
1170 3082 1250 3131 car-

275 3182 398 3248 men*.
451 3176 550 3249 Male
566 3180 660 3252 enim
678 3180 857 3253 cohaerent
878 3196 933 3251 tot
947 3180 1056 3274 panni
1072 3204 1094 3249 a
1106 3179 1249 3252 diverfis

274 3298 479 3371 hominibus
493 3300 604 3386 assuti,
628 3319 663 3373 et
679 3320 771 3374 natae
787 3302 866 3374 sunt
889 3325 933 3373 ex
950 3325 992 3375 eo
1010 3302 1087 3397 ipso
1103 3327 1251 3403 corrup-

275 3420 545 3495 telaediciionis
570 3436 605 3493 et
629 3424 812 3499 sententiae
836 3423 1027 3521 plurimae;
1052 3445 1093 3499 ut
1105 3428 1194 3501 adeo
1209 3431 1249 3503 in

1193 3555 1249 3629 his

318 3754 334 3789 ⁸
357 3747 446 3809 Patrio
471 3750 602 3825 sermone,
630 3758 734 3819 odionis
782 3761 855 3821 mine
866 3763 1010 3821 remaculo
1022 3763 1143 3828 reddere,
1166 3780 1248 3837 quam

271 3827 389 3885 versibus
398 3828 552 3907 instrophau
563 3835 734 3905 co'e'untibus,
781 3840 864 3897 verba
894 3838 1030 3896 subtiliter
1066 3839 1248 3913 interpretari.

275 3903 411 3963 redditum
444 3908 482 3965 cll
509 3908 561 3966 hoc
591 3930 736 3971 carmena
784 3914 868 3974 Nihil
889 3914 964 3973 enim
985 3914 1091 3971 vetabat
1105 3914 1248 3975 sententias¹

274 3980 416 4059 Spensero,
429 3990 513 4059 posta
525 3984 611 4047 nobili
631 3988 737 4047 Britan-
783 3990 899 4067 integras
912 3990 1064 4050 summatim
1077 3990 1167 4049 efferre
1179 3994 1246 4069 ejus-

272 4077 310 4114 no
338 4060 394 4132 (Vi
423 4056 465 4117 r‘l's
492 4062 593 4136 Gnat),
607 4088 612 4097 ·
626 4065 655 4122 in
678 4066 738 4140 ejus
784 4082 916 4143 repartea
937 4066 967 4122 in
988 4084 1172 4146 quemcunque
1190 4071 1247 4147 pla·
1271 4065 1274 4072 ’

273 4134 348 4223 Opp.
412 4154 443 4194 ee
457 4136 511 4196 fine
520 4140 655 4217 voluptate
668 4141 737 4199 illud
786 4156 859 4201 ceret
890 4142 992 4201 sensum
1021 4144 1169 4215 deflediem
1199 4160 1248 4207 aut

273 4212 354 4269 facile
382 4213 514 4291 perlegas.
564 4216 643 4275 Adeo
666 4216 737 4275 mihi
786 4220 869 4277 verba
894 4234 1018 4297 corrupta
1040 4223 1111 4303 aptis
1131 4238 1160 4283 et
1187 4222 1248 4283 ido·

270 4289 316 4346 vel
326 4288 378 4347 hoc
388 4308 466 4349 exem
485 4293 513 4350 lo
524 4293 623 4369 patuit,
635 4308 738 4373 quanto
754 4346 757 4351 .
782 4296 842 4359 neit
853 4313 1015 4379 permutare·

269 4366 424 4445 expeditius
483 4384 510 4427 ct
538 4372 647 4448 postam
674 4391 736 4435 car·
1100 4371 1105 4377 ⁴
