3225 5200
388 553 457 628 226
516 551 556 626 P.
598 551 906 672 VlllGlLlI‘
937 548 1245 626 MARONIS

388 790 574 863 Praeverrit
591 789 702 861 cauda
713 788 823 860 filices
835 791 1090 886 gremiumque.
1102 791 1290 861 molarum.

387 922 552 994 Advocat
568 919 649 992 inde
665 947 789 992 manus
806 923 917 1018 operi,
945 925 1095 1018 partitus
1111 923 1298 1017 utrinque:

387 1055 495 1128 Laevu
512 1053 715 1140 ministeri0,
740 1051 863 1124 dextra
882 1051 930 1123 est
946 1051 1080 1125 intenta
1096 1053 1208 1124 labori
1222 1089 1232 1135 ;
1318 1072 1361 1147 25

388 1193 481 1263 Haec
494 1207 587 1260 rotat
597 1187 735 1260 alliduis
749 1188 846 1284 gyris
862 1207 897 1258 et
910 1191 1065 1260 concitat
1080 1193 1217 1263 orbem.

388 1322 506 1398 Tunsa
519 1327 623 1398 Ceres
639 1323 762 1420 rapido
779 1321 920 1394 filicum
937 1323 1091 1397 decurrit
1110 1326 1154 1396 ab
1172 1327 1257 1397 ictu.

384 1507 469 1568 regmine
478 1517 550 1571 coprae
560 1504 685 1556 vett.edd.
695 1503 729 1552 ell
738 1502 829 1552 lectio:
847 1518 890 1550 nec
903 1502 982 1550 mala:
1012 1503 1055 1552 nili
1072 1504 1206 1553 dodiorcm
1223 1503 1365 1569 prodidisset

385 1581 492 1632 Aldina:
508 1583 596 1648 rerg'ore,
610 1595 682 1645 quam
694 1579 798 1643 Scaliger
819 1595 914 1643 quoque
932 1579 957 1626 in
976 1579 1068 1643 scriptis
1084 1579 1189 1630 invenit.
1219 1582 1310 1644 Agitur
1320 1595 1367 1632 au.

385 1669 436 1722 tem
444 1659 473 1723 de
480 1658 586 1708 rhenoue
597 1675 626 1707 ex
635 1656 698 1722 pelle
706 1656 915 1722 caprina.--a3.
932 1657 1043 1704 Pervenit
1062 1668 1086 1704 et
1108 1659 1220 1712 Peroem't
1234 1668 1293 1706 vett.
1307 1658 1361 1709 edd.

383 1727 496 1786 Alterum
508 1735 627 1787 Praevcrrt't
635 1733 806 1784 Aldmadedit.
839 1734 906 1780 Tum
915 1735 1024 1781 Pervenit
1033 1729 1136 1802 condoque
1142 1751 1217 1784 cavum
1220 1739 1363 1800 gremiumque

281 1809 284 1818 ’
383 1813 414 1864 or.
428 1813 540 1863 Norimb.
559 1812 669 1877 Koberg.
694 1821 718 1858 et
738 1809 836 1858 Ascens,
848 1823 903 1857 cum
913 1811 981 1874 Jont.
995 1809 1101 1872 aliisque,
1116 1827 1145 1858 ex
1155 1811 1364 1874 interpretatione,

380 1889 494 1954 suspicor,
509 1890 534 1937 in
545 1885 655 1953 margine
674 1885 786 1951 apposita,
810 1886 889 1951 filices,
914 1884 1017 1932 molares
1035 1885 1152 1949 intellige,
1166 1902 1224 1934 nam
1241 1887 1291 1934 dno
1305 1885 1362 1934 sunt

383 1958 526 2029 lapiderlibi
540 1965 653 2031 impoliti.
684 1967 787 2028 gremium
806 1965 906 2010 nolarum
929 1977 973 2026 pro
992 1962 1106 2009 interiore
1123 1975 1196 2027 parte.
1230 1963 1363 2011 Insolenter

383 2043 476 2092 didam
484 2042 591 2092 censebat
602 2041 686 2090 Heius.
697 2041 728 2089 ad
739 2039 811 2088 Ouid.
820 2040 852 2086 111
865 2040 923 2087 Am.
944 2052 983 2098 13,
994 2053 1034 2096 24,
1052 2051 1076 2087 et
1097 2039 1238 2088 emendabat
1245 2043 1364 2103 gremioque

382 2121 474 2168 molares.
508 2121 544 2166 Ut
553 2119 580 2166 sit
584 2123 669 2184 gremio,
685 2133 760 2182 capra
772 2127 877 2180 tergore,
894 2131 942 2178 quo
953 2116 1043 2162 cludens
1054 2127 1113 2164 erat.
1145 2117 1182 2163 Sic
1200 2119 1361 2180 togaegrm'uu

383 2193 481 2243 florum
489 2193 578 2243 dixille.
613 2196 671 2242 Nou
689 2185 766 2256 magis
783 2191 829 2238 hoc
840 2190 924 2256 placet.
942 2193 1012 2238 Forte
1023 2190 1081 2238 fuit:
1104 2195 1359 2255 gemiomqoenolaren.

383 2287 407 2318 v.
422 2269 587 2328 Not—24.
603 2273 699 2318 Advocot
709 2272 754 2316 inde
764 2271 828 2332 operi,
862 2266 942 2314 Dubia
953 2266 1076 2330 scriptura.
1109 2267 1222 2314 Sirenim
1232 2278 1290 2316 vett.
1303 2268 1360 2320 edd.

383 2355 408 2395 et
419 2346 499 2410 scripti
510 2345 638 2410 Scaligeri:
656 2357 680 2394 et
691 2345 767 2394 videri
778 2343 854 2410 potest
865 2343 967 2401 doctius,
982 2359 1054 2406 quam
1074 2344 1138 2407 qnod
1149 2342 1239 2391 Aldina
1251 2345 1359 2393 invexitr

384 2425 488 2470 Admovet
497 2425 542 2469 inde
552 2427 615 2487 operi.
647 2426 701 2472 Hoc
712 2435 792 2470 tamen
803 2420 946 2468 vocabulum
957 2419 991 2466 rei
1002 2421 1135 2484 proprium,
1151 2429 1176 2466 et
1185 2417 1255 2466 facile
1264 2418 1363 2468 defleo}

380 2497 494 2562 potuitiu
506 2497 616 2546 alterum
647 2501 674 2546 In
686 2499 732 2546 fine
743 2497 825 2547 versus
834 2495 908 2561 vulgo
919 2495 1020 2560 legitum
1041 2499 1136 2560 partitos
1147 2507 1271 2558 utrmque:
1295 2497 1361 2562 quod

382 2573 471 2622 Latine
487 2573 527 2622 vir
547 2573 594 2623 dici
614 2574 678 2640 posse
700 2574 804 2639 Scaliger
822 2590 916 2639 quoque
937 2573 1043 2622 notarim
1057 2577 1139 2639 partim
1150 2583 1358 2640 utrmqoemn.

384 2650 437 2699 Nec
443 2649 546 2697 suaviter
556 2663 615 2715 puto
626 2651 719 2699 dicium
737 2649 782 2699 elle
801 2654 905 2699 Arm
922 2653 978 2713 open‘
994 2668 1075 2707 monos,
1088 2655 1362 2713 portitore,ntronq1e,ut

383 2744 457 2772 manus
468 2736 573 2789 mamque
582 2728 675 2791 iungas.
709 2728 758 2791 lpse
777 2742 790 2774 e
810 2726 862 2776 mff.
887 2726 978 2791 profert
994 2730 1087 2789 partitur
1108 2730 1195 2788 utrique,
1210 2725 1259 2775 scil.
1276 2725 1361 2774 manni

382 2816 456 2865 opus:
477 2800 560 2849 malim
563 2808 658 2866 partitos
668 2808 768 2866 utrinque,
786 2804 835 2852 scil.
847 2820 914 2867 opus,
929 2816 956 2851 ut
964 2803 995 2850 ab
1005 2815 1104 2866 utraque
1116 2817 1188 2849 manu
1199 2802 1359 2857 tradaretun

383 2886 409 2925 et
420 2876 507 2924 obtulit
516 2876 561 2925 hoc
569 2878 634 2926 idem
646 2881 688 2929 ms.
703 2881 898 2930 Koloe—26.
914 2882 1107 2945 officiorum-orbem
1118 2877 1278 2941 manuscripta
1286 2878 1359 2926 ledeio

382 2952 447 3017 apud
458 2952 614 3017 scaligerum,
630 2970 682 3017 qnae
694 2956 834 3003 concinnior
851 2955 893 3019 ipsi
905 2956 1008 3003 videtur.
1038 2958 1130 3003 Verum
1141 2954 1195 3011 hoc,
1210 2954 1250 3016 led
1261 2952 1293 3001 lie
1299 2959 1360 3019 gyri,

382 3028 449 3078 nullo
458 3029 564 3093 epitheto
576 3030 718 3079 adornatum
729 3032 808 3079 minus
818 3032 902 3094 placet.
934 3043 954 3079 et
972 3036 1057 3080 concutit
1070 3032 1136 3077 orbem
1154 3030 1200 3077 ms.
1217 3030 1321 3080 Helmst.
1334 3040 1359 3078 ct

382 3105 475 3154 Koeler.
508 3104 625 3153 S'cdorbis
637 3105 700 3153 haud
712 3106 781 3173 dubie
793 3108 890 3154 molaris
909 3107 940 3155 est
951 3107 1067 3172 superior,
1084 3106 1124 3169 qui
1144 3107 1316 3170 circumagitur
1333 3116 1359 3155 et

381 3183 523 3240 concitatur,
539 3198 587 3230 non
598 3194 678 3231 autem
686 3185 933 3244 concutitur.--27.
948 3185 1016 3252 Tonso
1025 3188 1085 3233 cem
1095 3199 1151 3231 cum
1161 3183 1253 3230 Aldina
1262 3182 1356 3247 leripfit
1432 3180 1435 3184 ’

383 3260 417 3306 ait
427 3274 520 3322 quoque
527 3260 631 3324 Scaliger
638 3262 748 3324 scriptam
756 3261 885 3309 tectionem
896 3262 994 3309 haberet
1012 3263 1081 3326 Tusca
1091 3262 1158 3309 Ceres.
1178 3260 1272 3323 Vulgo:
1294 3260 1358 3306 Trita

385 3337 454 3382 Ceres.
470 3335 535 3381 Mox
543 3336 621 3383 eidem
629 3338 725 3385 Aldina
734 3338 809 3385 debeo
817 3340 938 3385 ordinem:
956 3341 1124 3401 rosvidofflr'com
1135 3353 1190 3384 cum
1196 3335 1360 3400 vulgatustitz

373 3411 457 3474 filicum
468 3413 548 3473 rapido,
565 3412 644 3458 minus
653 3413 764 3473 jucunde.
796 3415 904 3460 Tandem
912 3421 961 3460 abiu
972 3414 1103 3477 proprium,
1119 3414 1229 3466 arbitror,
1245 3411 1304 3459 effet
1315 3427 1359 3458 vo·

381 3484 504 3542 cabulum;
523 3502 580 3533 nam
591 3488 671 3550 agitur
682 3489 753 3547 mola,
769 3488 952 3552 circumagitnr3
971 3490 1036 3551 quod
1054 3490 1126 3535 etiam
1146 3488 1254 3549 Scaliger
1264 3486 1359 3545 maluit,

379 3563 421 3615 sed
431 3572 458 3608 ut
469 3560 523 3621 alpolt
534 3562 739 3625 interpretaretur,
767 3566 913 3629 quodlongc
930 3566 1041 3629 petitum.
1075 3566 1137 3620 icius,
1152 3564 1216 3627 quod
1238 3563 1269 3612 de
1292 3560 1362 3611 omniu

380 3636 483 3703 impulsu
495 3636 590 3693 dicitur,
606 3638 635 3685 dc
648 3640 731 3687 attritu
742 3640 914 3703 accipiendum.

420 3777 466 3832 23.
499 3759 591 3823 cauda,
622 3759 758 3835 peniculo,
790 3783 846 3839 quo
891 3782 974 3895 pruna
1004 3762 1146 3836 frangeret.
1198 3767 1261 3816 mini
1278 3769 1356 3819 mim

381 3834 417 3892 ad
427 3836 568 3893 vertendas
579 3837 679 3892 mensas
690 3839 775 3893 etalia
785 3854 845 3896 ute·
901 3864 971 3896 aevae
982 3838 1011 3893 iu
1024 3834 1199 3912 congerendis
1220 3848 1249 3890 et
1261 3836 1354 3893 infun-

380 3911 479 3969 bantur
492 3926 600 3969 veteres.
641 3914 744 3970 Docuit
768 3916 802 3971 ad
817 3917 845 3975 li.
892 3912 1354 3991 dendisgranisconsillerevidctur.

380 3987 401 4043 l.
427 3988 554 4063 Scaliger.
595 3990 732 4047 Describit
753 4006 843 4049 autem
892 3994 1065 4064 Tum‘lonso
1077 3990 1153 4043 Ceres.
1165 3992 1252 4063 rapido
1253 3990 1355 4062 silicam

379 4062 646 4138 hincpo‘e'tamolam
668 4069 844 4135 manuatim,
891 4073 999 4126 decurrit
1024 4066 1176 4128 obirem.
1203 4084 1252 4141 27,
1271 4086 1356 4141 grana

381 4139 525 4196 trusatilem
539 4142 582 4197 seu
595 4144 755 4212 versatilem,
769 4146 842 4202 binis
891 4146 967 4203 tunsa
980 4145 1101 4218 adeoque
1112 4140 1227 4197 farinam
1251 4141 1281 4197 in
1294 4142 1356 4199 lub-

381 4213 450 4271 saxis
462 4215 559 4301 asperis
581 4218 631 4274 fibi
647 4220 686 4275 ita
699 4221 842 4297 impositis,
886 4224 986 4298 jedum
1001 4240 1055 4284 vas,
1075 4219 1148 4292 quod
1167 4236 1225 4273 eam
1238 4218 1355 4296 excipit,

381 4305 412 4347 ut
422 4290 547 4349 inferiore
566 4312 686 4351 manente
706 4296 842 4356 immobili
890 4299 1015 4356 decidere
1027 4293 1167 4371 fignificat.

380 4367 509 4443 superius,
522 4369 596 4443 quod
608 4391 635 4428 v.
651 4373 687 4427 26
700 4372 779 4431 orbem
791 4396 841 4452 ap·
929 4379 973 4434 26.
994 4373 1085 4441 orbem,
1114 4369 1236 4448 lapidem
1268 4374 1356 4431 mola-
1403 4436 1408 4445 ,

379 4444 472 4520 pellat,
516 4444 706 4506 circumallum
745 4452 839 4510 attritu
889 4470 955 4510 rem.
1207 4513 1210 4522 ,

1308 4544 1358 4601 3²·

1520 3411 1521 3462 l

1519 3465 1521 3520 l
