3225 5200
591 532 829 610 CIRIS.
1017 592 1021 601 .
1137 552 1201 613 121

222 728 362 831 Magna
377 728 473 805 mihi
491 729 622 826 cupido
637 728 807 802 tribuistis
824 729 983 825 proemia,
1004 728 1099 801 divae

222 868 400 943 Pierides:
426 890 576 963 quarum
592 867 703 939 castos
718 866 841 939 altaria
856 865 971 962 postes

211 982 377 1083 *Munere
393 1004 487 1103 saepe
504 1028 586 1076 meo
603 1006 778 1092 inficiunt,
799 1002 1004 1097 foribusque
1019 992 1203 1093 hyacinthi

224 1140 420 1234 Deponunt
435 1136 550 1224 flores,
566 1156 627 1211 aut
642 1139 743 1211 suave
760 1139 888 1211 rubens
906 1132 1081 1216 narciffus,
1156 1113 1203 1224 96

226 1270 303 1345 Aut
317 1290 442 1341 crocus
458 1266 591 1337 alterna
606 1256 825 1354 conjungens
841 1264 917 1337 lilia
928 1264 1057 1350 caltha,

226 1400 423 1498 Sparsaque
436 1396 622 1470 liminibus
640 1392 740 1464 floret
753 1392 849 1469 rosa:
874 1421 968 1469 nunc
982 1420 1060 1491 age,
1074 1394 1181 1485 diuet,

225 1529 414 1627 Praecipue
428 1528 542 1607 nostro
557 1548 652 1603 nunc
667 1524 842 1621 adspirate
856 1528 992 1629 iabori:

226 1663 349 1759 Atque
364 1686 497 1734 novum
514 1680 647 1734 aeterno
661 1662 845 1757 praetexite
861 1662 993 1734 honore
1004 1664 1187 1738 volumen.

275 1799 368 1871 Sunt
383 1794 585 1869 Pandioniis
598 1793 727 1865 vicinae
744 1790 883 1869 sedibus
899 1795 1015 1885 urbes,
1133 1820 1199 1874 101

227 1994 318 2045 Melino
332 1992 422 2042 abnuet
438 2006 467 2042 ee.
500 1987 635 2039 nechabet
653 1986 698 2037 ms.
720 1988 821 2039 Helmst.
841 2004 896 2038 cnm
911 1992 1009 2043 Aldina.
1043 1996 1120 2063 Quen
1134 2011 1206 2061 aequae

226 2072 293 2135 conj.
304 2068 390 2117 Heins.
408 2068 454 2118 ms.
466 2065 567 2114 Heimst.
584 2071 860 2129 centes—cecon—og.
877 2070 928 2115 nihi
939 2070 1022 2134 cupido,
1035 2073 1145 2118 nedieanee'
1155 2073 1205 2117 nie·

225 2161 273 2195 een
290 2158 355 2194 cerne
373 2157 445 2191 cantus
465 2141 522 2205 (iim
540 2142 611 2201 paene,
626 2138 711 2205 iiiiii).
745 2140 782 2187 Sic
797 2141 920 2204 jungenda
938 2143 1021 2195 verba.
1056 2147 1107 2193 Nec
1123 2157 1204 2192 tamen

227 2223 316 2272 locum
326 2219 383 2268 satis
393 2217 500 2282 expedio,
518 2216 558 2281 qui
569 2217 664 2265 omnino
676 2232 705 2265 ex
715 2216 851 2281 Virgiliane
861 2234 922 2265 vena
932 2220 1052 2282 profluere
1062 2222 1102 2269 vix
1112 2221 1209 2285 potuitn

229 2298 294 2347 adeo
310 2294 387 2343 invite
397 2292 477 2341 versus
487 2291 594 2341 Minerva
610 2290 701 2357 procufi
712 2292 783 2354 sunt3
801 2292 844 2341 eni
862 2295 979 2343 sententia
994 2296 1049 2344 l'ntie
1059 2297 1087 2345 fit
1098 2297 1205 2361 poetica.

229 2386 297 2422 certon
308 2367 785 2432 centusBarthiueinterpretaturueros:
802 2381 828 2417 at
838 2386 923 2434 parum
939 2382 1003 2435 apte.
1035 2375 1077 2420 An
1095 2373 1126 2421 ad
1142 2372 1206 2421 fidu·

230 2448 294 2497 ciam
305 2445 380 2493 animi
391 2442 481 2508 speeiat
491 2459 547 2503 vox,
566 2445 591 2491 in
603 2444 688 2508 quibus
704 2446 752 2510 ipse
763 2458 841 2495 certus
852 2447 933 2495 auxilii
942 2447 989 2495 fit?
1004 2450 1078 2515 cupido
1089 2465 1137 2497 non
1150 2450 1206 2500 satin

228 2520 365 2587 appositum
377 2518 480 2567 videtur.
510 2522 607 2571 Peaenia
625 2520 655 2567 ad
674 2520 782 2568 favorem
797 2537 825 2569 ac
843 2522 947 2571 studium
956 2524 1054 2572 deatum
1065 2541 1092 2573 ae
1103 2525 1206 2589 praesen-

229 2599 270 2647 ein
288 2594 435 2646 beneficium
456 2608 526 2645 erunt
543 2596 676 2646 reserenda.
709 2600 735 2644 ln
747 2609 806 2648 vett.
830 2599 884 2646 edd.
905 2601 1052 2665 Magnanimis
1068 2605 1109 2650 vei
1126 2619 1206 2666 mgna

226 2679 285 2724 ninii
295 2675 377 2741 cupidis
395 2672 451 2737 (hoc
470 2683 494 2721 et
515 2673 558 2722 ms.
571 2672 653 2738 nasu.)
668 2673 733 2722 tribui
749 2678 757 2721 i
771 2687 812 2740 pr.
830 2676 895 2724 diva.
928 2677 1000 2741 Qod
1021 2691 1084 2724 nune
1102 2675 1206 2741 legimns

228 2752 340 2801 excusum
357 2750 464 2814 primum
484 2750 556 2798 video
575 2750 600 2798 in
620 2750 658 2799 ed.
681 2749 883 2814 Aldina—94.
899 2766 938 2814 95.
959 2751 1041 2799 Multa
1058 2753 1085 2800 in
1103 2752 1141 2801 his
1160 2753 1204 2806 eff.

228 2828 347 2879 laborant.
359 2826 410 2874 vid.
424 2827 483 2876 Not.
518 2827 590 2874 Forte
600 2825 663 2874 suit:
681 2843 772 2892 quarum
783 2828 845 2892 eustos
855 2827 948 2874 violaria
960 2827 1010 2888 (vel
1022 2831 1128 2894 topiaria)
1138 2831 1205 2896 postes

229 2907 326 2955 Munere
329 2904 389 2970 sepe
399 2922 439 2951 mee
450 2903 670 2970 intingunt—96.
690 2905 779 2951 Iterum
790 2903 829 2951 hic
840 2905 932 2951 mutavi
948 2904 1138 2965 diffinitionem
1154 2918 1205 2955 erat

228 2983 300 3032 enim
318 2979 449 3043 expreffum
464 2980 489 3043 f.
510 2983 533 3027 b.
552 2982 665 3046 Deponunt
679 2982 762 3046 flores:
780 2982 851 3047 aues.
885 2981 931 3029 Sed
947 2979 1041 3040 melior,
1058 2992 1126 3045 puto,
1145 2984 1205 3030 ordo

229 3055 378 3106 verborum:
394 3063 419 3100 et
431 3055 540 3118 Deponunt
549 3052 673 3118 suosflores
684 3053 800 3118 inferibus
811 3065 852 3102 aut
863 3057 1019 3117 hyacinthinae
1033 3060 1093 3104 narei
1109 3070 1205 3104 eet-ant

229 3131 448 3199 crocus-sparsaque
465 3131 566 3178 liminibus
579 3131 647 3195 floret
663 3132 715 3198 rosa.
750 3133 822 3179 Fores
839 3132 923 3196 templi
942 3133 1009 3179 sertin
1027 3149 1054 3179 ac
1072 3133 1166 3181 corollis
1182 3136 1207 3183 fe

229 3225 315 3260 ornare
335 3208 378 3256 ait.
409 3209 522 3272 Deponunt
530 3206 598 3270 floret
608 3217 692 3254 ornate
708 3223 752 3271 pro
764 3205 929 3263 deflorescunt,
938 3208 1079 3272 μαραίνονται,
1091 3219 1207 3269 quatenus
1285 3217 1290 3224 “

228 3285 345 3351 suspensa
357 3283 453 3332 corolla
465 3279 579 3345 prostant.
613 3284 738 3348 Dependent
755 3283 798 3331 ms.
814 3283 891 3341 nant,
908 3281 984 3345 fitque
1004 3283 1067 3346 conj.
1088 3283 1170 3332 Heius.
1180 3294 1207 3334 et

229 3365 269 3429 jo.
291 3359 425 3408 schenden*
439 3356 577 3404 Emendate.
600 3371 625 3422 p.
644 3369 809 3420 57.--·1oo.
824 3361 928 3426 peremne
947 3356 1007 3407 Ald,

224 3474 350 3608 precipue
369 3476 407 3533 ad
411 3482 495 3550 pirate
516 3470 598 3531 labori
609 3475 694 3548 nostro.
741 3473 812 3532 fert:
834 3482 971 3534 Κνισσῢσι.
1010 3473 1118 3532 Durum
1139 3476 1205 3550 hoq

245 3572 258 3607 s
290 3552 358 3607 ordo
399 3548 539 3606 ententiae:
573 3547 694 3625 adeoque
741 3570 801 3608 meo
814 3550 899 3609 sensu.
949 3557 953 3564 ’

228 3647 342 3705 pravam
354 3623 694 3703 interpuniiionememen·
778 3629 826 3703 96.
846 3648 894 3705 97.
920 3627 1042 3703 Vestigia
1068 3627 1203 3706 Virgilia.

229 3703 305 3763 davia
520 3779 526 3791 .
559 3737 573 3791 '.
740 3724 781 3760 nae
790 3705 892 3762 Musae:
914 3703 973 3760 Ecl.
988 3703 1061 3812 HL?
1069 3706 1104 3778 63
1116 3712 1203 3780 suave

229 3798 382 3918 nihii,
400 3777 695 3934 ξῗιῗῖἳῗῖἑζᾚῗῗ
741 3780 1205 3932 hin‘’itt'i‘ngx-ffihii

225 3938 301 4012 postes
320 3932 419 3990 altaria
428 3937 501 4020 saepe
520 3936 630 4006 inficiunt
642 3957 696 3989 mu·
742 3933 837 3992 caltha.

228 4035 285 4076 nere
298 4033 356 4066 enee.
398 4009 498 4065 Aram
513 4007 606 4084 templi
619 4009 696 4065 aditu
786 4028 834 4066 101
852 4009 911 4086 sqq.
926 4008 1038 4066 Omne.
1058 4010 1131 4066 Inter
1138 4011 1204 4069 alias

227 4087 270 4144 vel
282 4085 416 4144 vestibulo
428 4083 512 4142 stabat
520 4107 527 4152 ;
549 4085 598 4151 ita,
617 4084 694 4140 vitti-
742 4085 860 4142 Athenis
873 4084 975 4142 vicinas
989 4085 1063 4142 urbes
1077 4087 1130 4144 fuit
1142 4088 1205 4146 Me-

188 4213 195 4221 ,
227 4162 432 4238 maesanguine,
456 4161 538 4237 postes
562 4179 592 4217 ac
612 4161 696 4236 janua
741 4181 819 4238 gara.
860 4160 1023 4228 Pandionem
1037 4165 1206 4224 Athenarum

228 4239 323 4316 templi
334 4236 459 4315 adspergi
469 4251 602 4314 poterant.
630 4239 695 4294 Sca·
742 4257 831 4314 regem
842 4236 917 4294 fuine
929 4251 1023 4294 notum
1037 4243 1080 4298 est.
1119 4242 1205 4300 littera

225 4315 294 4396 liger
315 4317 430 4395 inficiunt
451 4313 488 4372 an
512 4312 634 4372 nidorem
648 4325 695 4372 ¹re·
742 4317 849 4374 candida
860 4328 968 4392 propter
982 4335 1098 4376 manner
1111 4319 1205 4376 candi-

348 4411 353 4416 ·
556 4413 558 4420 ·
1139 4395 1206 4453 dum
