3225 5200
596 497 878 576 CULEK
1077 555 1081 559 ‚
1184 529 1228 607 w

84 653 86 684 Ρ
157 697 160 702 ’
244 700 398 802 Jamque
414 696 529 772 imam
544 691 653 768 viridi
665 688 822 766 radicem
846 706 1008 762 moverat
1022 689 1094 762 alte
1189 693 1193 700 '

242 829 412 926 Qereus
428 829 553 916 humo,
575 825 813 918 steteruntque
830 845 967 920 amnes,¹
988 823 1156 919 fitvaeque
1169 822 1229 894 so-

391 983 493 1034 norae
1160 957 1233 1032 280

253 1091 385 1191 Sponte
400 1091 461 1166 sua
476 1109 601 1167 cantus
614 1091 800 1188 rapiebant
814 1089 949 1166 cortice
956 1113 1086 1162 antara.¹

255 1227 428 1302 Labentes
446 1223 586 1322 bijuges
602 1227 712 1300 etiarn·
724 1249 787 1323 pet
803 1224 915 1298 sidera
928 1222 1031 1297 Luna

253 1363 374 1447 Preffie
390 1387 519 1459 equos;
544 1379 581 1444 et
592 1379 633 1434 tu
649 1378 843 1446 currentes,
866 1358 1042 1432 mentun
1057 1357 1173 1453 virgo,

257 1500 432 1585 Auditura
448 1491 560 1591 lyram
575 1495 834 1576 tenuistinodie
848 1494 979 1566 relicta.

258 1634 352 1718 Haec
369 1633 492 1704 eadem
507 1632 626 1730 potuit
644 1630 739 1700 Ditis
755 1648 791 1701 te
808 1630 949 1702 vincere
969 1634 1113 1732 conjux,
1164 1637 1229 1732 285

256 1769 530 1864 Eurydicenque
546 1766 643 1838 ultro
657 1764 860 1837 ducendam
876 1767 1030 1840 reddere.
1068 1768 1154 1841 Non
1171 1767 1234 1854 sas,

256 1905 342 1978 Non
355 1922 430 1988 erat
445 1904 482 1982 in
494 1902 606 1974 vitam
620 1899 716 1971 divae
730 1899 910 1970 exorabile
924 1925 1070 1974 numen.
1224 1871 1228 1879 ¹

288 2113 349 2166 279.
366 2119 430 2148 uam
440 2111 501 2149 vett.
514 2099 568 2148 edd.
589 2113 634 2163 pro
651 2099 724 2155 inam,
750 2107 779 2143 nt
801 2095 863 2160 saepe
884 2096 953 2145 asiae.
984 2099 1061 2146 viridb
1081 2097 1126 2147 ms.
1145 2095 1238 2144 Koeier.

261 2177 321 2241 Jum
334 2195 379 2223 vox
391 2195 434 2225 una
444 2179 490 2223 viri
497 2178 594 2224 euridicen
608 2185 702 2225 moeret
712 2173 756 2221 ms.
769 2172 995 2244 Helmste-ssabo·
1012 2193 1050 2236 que
1059 2191 1074 2223 a
1084 2173 1175 2222 Rembo
1185 2173 1238 2221 illa-

262 2267 318 2303 tum
328 2253 381 2316 post
379 2255 483 2317 steterant
493 2255 517 2302 in
529 2264 586 2304 vett.
595 2254 658 2310 edd,
673 2253 748 2300 etiam
758 2249 856 2307 Aldina,
871 2267 919 2299 non
929 2250 992 2299 male
999 2251 1071 2300 abesi.
1103 2251 1149 2300 sed
1160 2251 1238 2303 omui-

263 2343 297 2380 no
308 2329 460 2393 interpolatio
471 2330 495 2378 in
506 2330 529 2378 b.
539 2329 555 2379 1.
566 2329 668 2394 grassata
675 2329 716 2378 est.
740 2329 844 2394 stanam
851 2348 921 2376 amnes
929 2331 980 2392 jam
990 2329 1135 2394 praecesserat
1143 2345 1167 2380 v.
1182 2345 1237 2391 277.

261 2405 346 2454 Heius.
355 2406 418 2470 conj.
422 2409 552 2470 sequererque
561 2423 638 2464 cmm
655 2411 796 2468 tumsanorne
804 2405 1027 2454 mavult—281.
1042 2425 1059 2452 c.
1070 2427 1144 2456 avara
1157 2409 1239 2457 Peter.

259 2493 285 2530 ct
297 2480 362 2530 voff.
388 2482 481 2546 Heius.
502 2482 520 2530 s.
539 2487 616 2530 vertice
631 2481 829 2546 prona—282.
844 2482 936 2528 Albenses
956 2492 1034 2529 tentat
1051 2483 1090 2546 Jo.
1113 2483 1238 2532 Schrader.

260 2560 307 2608 Sed
317 2557 464 2608 verfifieat'or
474 2558 534 2607 dixit
545 2561 588 2608 sabi
596 2569 638 2625 per
644 2560 726 2625 βᾶσα.
757 2561 828 2609 Lm
838 2557 904 2607 Voff.
918 2568 943 2606 et
962 2559 1166 2617 Petam—284.
1183 2569 1239 2611 roae

260 2640 335 2687 uteba
351 2634 414 2700 conj.
430 2634 571 2685 Markland.
588 2636 620 2685 ad
642 2636 746 2697 Statium
759 2652 784 2701 p.
800 2634 979 2698 eun-28⁶.
991 2635 1047 2697 287.
1065 2638 1170 2701 Nasos,
1186 2641 1240 2687 Noe

1190 2728 1239 2764 erat

263 2879 429 2949 consederat,
455 2880 531 2943 turba
540 2886 673 2959 firarum,
684 2884 727 2957 se·
773 2880 837 2939 dem
860 2901 886 2937 v.
910 2884 975 2940 280.
996 2883 1046 2939 281
1053 2881 1138 2957 filvae
1141 2884 1240 2955 sonore

266 2958 435 3035 quaxblanda
446 2982 517 3025 voce,
550 2958 726 3035 ropterblan·
778 2963 871 3033 (ornat
882 2956 912 3017 h.
923 2958 943 3015 l.
953 2957 1088 3033 epitheton
1101 2958 1240 3035 proprium

221 3062 222 3067 κ
264 3034 328 3089 darn
354 3053 449 3091 vocem
471 2978 577 3111 Oepdei,
592 3034 648 3109 jam
662 3036 728 3091 aliae
775 3036 902 3091 arborum
937 3048 1017 3091 vento
1055 3035 1237 3109 strepentium)

264 3110 331 3187 saepe
338 3110 413 3167 suavi
426 3126 506 3169 cantu
516 3110 620 3176 allecta,
638 3114 729 3187 insede·
776 3111 909 3187 rapiebant
931 3126 1035 3177 cantus,
1054 3110 1133 3167 avide
1145 3110 1240 3167 audie-

264 3205 317 3258 rat.
359 3206 425 3265 279.
452 3194 518 3247 280.
539 3185 596 3243 Hie
608 3186 730 3263 peccavit
776 3188 852 3255 bant,
872 3186 1047 3264 arripiebant,
1067 3186 1149 3261 idque
1161 3205 1247 3243 orna·

265 3270 359 3341 po'e'ta,
378 3262 501 3343 quisquis
521 3262 568 3321 ille
586 3260 641 3318 suit
655 3268 729 3336 (narn
778 3264 819 3321 vit
839 3264 962 3340 adjesio:
995 3271 1095 3331 (πήρη
1124 3275 1155 3320 ut
1176 3263 1241 3323 aliae

267 3354 355 3399 toturn
368 3360 383 3394 c
402 3340 520 3397 isodium
529 3340 564 3396 de
576 3338 688 3417 Orpheo
696 3339 731 3396 ab
777 3340 880 3398 auribus
893 3350 1001 3417 rapimus
1012 3356 1131 3398 cantum:
1162 3339 1242 3399 sonus

269 3416 335 3485 alio,
353 3361 401 3473 sed
421 3417 513 3483 dotto,
539 3415 649 3473 homine
670 3436 732 3495 pro·
778 3431 866 3473 autern
913 3415 1065 3475 reorticem
1077 3418 1241 3494 penetrabat.

270 3493 367 3551 setium
389 3492 521 3568 videtur),
539 3511 603 3551 eum
628 3492 733 3551 ovidio
779 3500 846 3554 282.
892 3493 959 3550 tiam
972 3494 1049 3552 Luna
1069 3493 1241 3573 repreffitbi-

270 3583 300 3628 et
312 3570 382 3637 aliis,
400 3570 473 3647 quod
484 3569 542 3627 vim
563 3584 655 3627 cantus
678 3570 732 3626 Or·
836 3588 884 3648 per
901 3572 996 3629 caelum
1009 3571 1144 3632 inuesias:
1178 3592 1243 3629 cur-

270 3644 348 3725 phici
374 3645 402 3703 in
425 3646 532 3703 arbores
552 3646 633 3704 nimis
646 3646 732 3704 dilute
792 3647 975 3705 uminhibuit.
994 3651 1070 3728 1313ae
1078 3668 1149 3705 nunc
1157 3668 1243 3724 equo-

269 3721 417 3800 descripsit.
454 3723 538 3780 Ret'te
558 3740 632 3780 vetus
648 3724 733 3801 poesis
780 3744 840 3781 rum
852 3722 924 3790 sunt,
943 3728 1010 3782 alios
1023 3741 1172 3782 taurorum.
1193 3726 1245 3782 Pa·

270 3799 377 3871 arbores
389 3800 507 3867 carmine
519 3815 605 3857 motae
625 3816 652 3856 et
663 3799 733 3855 deli·
781 3821 841 3857 rum
853 3800 967 3858 suaviter
980 3820 1044 3857 mox
1051 3801 1163 3857 eandem
1176 3802 1243 3857 allo-

272 3876 343 3935 nitas
351 3877 442 3934 dicere
452 3876 553 3952 potuit.
593 3874 644 3933 Sed
658 3876 733 3951 inep-
782 3876 894 3954 quitur:
918 3891 946 3933 et
965 3890 1007 3944 tu,
1026 3882 1245 3957 menstruaor'rgo,

270 3968 327 4023 tum
339 3968 409 4022 erat,
418 3954 482 4011 huic
495 3952 672 4031 phantasmati
682 3951 736 4009 im·
780 3970 890 4031 propter
912 3953 984 4010 viter
1005 3954 1075 4011 lunae
1092 3956 1246 4022 menstruas,

271 4030 514 4088 morarictrnotue
526 4031 593 4087 adeo
605 4030 736 4087 rationem
783 4044 814 4087 ut
826 4029 933 4087 audires
950 4030 1046 4105 lyram,
1076 4036 1173 4109 tenufii
1191 4054 1247 4091 cur·

273 4106 423 4171 describere
442 4106 519 4165 veile.
560 4106 683 4184 Qercus
695 4124 736 4164 ra·
784 4122 864 4163 rentes
875 4125 969 4183 equos,
986 4118 1053 4166 notre
1068 4110 1165 4176 reliua,
1185 4128 1248 4165 cur-

272 4183 474 4243 dicitueevulsa
495 4184 529 4241 ad
549 4197 637 4241 vatem
653 4186 736 4241 ‘aece-
785 4183 827 4251 su,
846 4204 901 4259 quo
926 4186 1030 4243 nonem
1054 4186 1147 4252 efficit,
1168 4186 1247 4264 regit.

271 4260 336 4329 dere
346 4260 443 4318 debuit
461 4260 606 4317 secundum
624 4266 736 4337 poetam
786 4264 948 4338 285-287.
969 4260 1039 4320 Haec
1059 4263 1154 4319 eadem
1175 4262 1247 4341 lyra?

272 4338 400 4419 positum.
437 4336 511 4415 Mor
532 4336 604 4414 rodit
624 4338 660 4395 ad
682 4338 738 4398 ecs·
785 4337 917 4416 oconjux
930 4338 1015 4407 Ditis,
1033 4338 1122 4419 potuit
1143 4354 1170 4397 te
1188 4339 1248 4394 vin-

593 4470 596 4477 .
926 4470 928 4473 .
1176 4432 1247 4485 cere,
