3225 5200
521 520 624 596 ,ΙΝ
688 518 940 597 CIRIN.
1023 532 1028 539 ‘
1166 547 1234 601 rot

99 807 103 822 ,
244 730 459 829 exemplum
477 726 569 802 Ciris
588 743 771 825 acceperat
786 725 964 826 en'prisca
988 724 1145 801 editione
1167 726 1234 803 de-

98 843 102 862 '
244 856 435 952 scriptum,
452 847 574 925 addita
590 850 664 948 ejus
694 850 932 947 castigatione.
985 840 1095 923 Hanc
1117 847 1233 945 ipsam

243 977 443 1050 editionem
479 972 736 1045 Cataledlorum
779 970 941 1068 intelligo
977 971 1079 1046 fuiffe
1117 970 1231 1055 illam,

246 1122 358 1194 quam
386 1096 555 1169 Heinsius
588 1095 656 1167 diu·
675 1094 709 1167 se
737 1093 867 1165 frustra'
888 1093 1084 1191 quaefivili'e
1110 1095 1160 1167 ait
1189 1093 1229 1165 in

94 1292 96 1333 Ξ
245 1218 361 1313 Epist.
379 1218 424 1291 ad
443 1218 641 1289 Daumium
659 1216 766 1288 Tom.
789 1217 822 1289 V
847 1217 1006 1313 Sylloges
1033 1216 1228 1291 Burmann.
1321 1306 1323 1315 y

246 1358 284 1431 p.
320 1340 389 1407 218
401 1368 411 1416 3
450 1332 534 1404 nam
567 1333 729 1405 Barthius
764 1336 801 1407 in
834 1335 1051 1413 Adversariis
1081 1361 1231 1438 eonon

245 1454 323 1551 ipse
347 1454 426 1527 usus
460 1455 519 1543 est,
552 1455 611 1528 sed
644 1455 689 1529 ad
730 1456 875 1529 Loinfis
908 1458 1017 1529 fidem
1043 1475 1225 1553 provocat.

246 1576 292 1654 In
332 1574 485 1647 Miscell.
528 1574 628 1645 Obff.
666 1574 746 1650 Vol.
783 1576 838 1647 IV
872 1576 950 1647 loca
982 1577 1149 1649 nonnulla
1182 1600 1226 1651 ex

248 1698 325 1771 Ciri
351 1696 581 1773 retradlarunt
598 1694 667 1771 viti
681 1695 795 1771 doeti':
821 1694 885 1771 sed
898 1696 1039 1776 levioris
1055 1699 1127 1780 fere
1143 1722 1225 1779 mo-

244 1822 371 1901 menti.

293 1942 390 2015 Cum
406 1968 427 2015 a
444 1944 586 2014 nemine
612 1941 727 2014 adhuc
756 1964 900 2037 operam
917 1942 1038 2015 datam
1054 1941 1226 2029 viderem,
1319 1920 1323 1927 Ι

244 2083 287 2143 ut
295 2066 490 2137 lectionum
499 2065 649 2161 origines
663 2081 698 2135 et
711 2062 841 2135 caull'as
853 2063 1051 2157 indagaret:
1069 2056 1226 2138 studium

246 2190 287 2263 in
305 2212 345 2258 ea
361 2210 399 2259 re
415 2186 515 2283 posui
530 2189 764 2285 praecipuum,
782 2187 843 2258 etfi
871 2211 925 2259 res
950 2186 1122 2265 molessiae
1145 2190 1225 2285 plus
1257 2238 1261 2244 -

243 2335 357 2409 quam
372 2312 468 2385 credi
484 2313 595 2409 potest
611 2314 766 2385 haberet.
792 2312 1225 2411 Qandoquidemautem

243 2434 329 2509 inde
344 2434 597 2525 intellexeram,
615 2437 788 2513 librorum
802 2436 1017 2533 scriptorum
1033 2434 1225 2510 audiorita'-

240 2577 317 2648 tem
334 2586 398 2635 nos
416 2562 490 2639 fere
506 2564 676 2638 deficere:
702 2561 923 2661 conjedlandi
941 2562 1095 2635 licentiae
1107 2579 1224 2635 mate-

241 2685 334 2758 riem
345 2685 383 2756 in
397 2684 465 2760 hoc
476 2685 599 2758 libello
613 2687 772 2760 relidlam
787 2686 889 2758 nobis
904 2687 969 2758 elie
982 2687 1105 2782 putavi
1121 2688 1223 2763 tanto

241 2804 427 2902 majorem.
478 2805 534 2878 Ea
546 2807 664 2902 itaque
680 2809 730 2879 ita
748 2809 827 2880 usus
843 2806 933 2895 sum,
948 2827 1000 2897 ut,
1016 2833 1125 2905 quam
1141 2809 1220 2880 aliis

243 2929 386 3008 veniam
403 2931 573 3024 dederim,
590 2931 737 3012 vieiffim
753 2947 788 3012 et
799 2930 890 3008 mihi
905 2931 1000 3034 ipsra
1013 2932 1096 3012 viris
1106 2933 1221 3016 dodlis

240 3071 376 3170 petam.

564 3175 583 3220 lt
891 3174 909 3218 1

726 3227 745 3268 Ι

236 3371 239 3378 ’
290 3357 333 3429 ln
350 3379 442 3428 nova
458 3354 525 3426 hac
542 3351 741 3424 recensione
753 3351 798 3421 ad
820 3349 1057 3428 manus-fuere
1072 3350 1222 3430 Schedae

242 3477 460 3564 Heinfianae‚
485 3475 531 3546 de
555 3474 685 3569 quibus
706 3473 809 3570 supra
833 3472 878 3544 ad
899 3471 1061 3546 Culicem
1082 3473 1220 3553 dietum

241 3598 303 3685 est,
320 3617 398 3670 tum
415 3600 474 3692 Jo.
491 3596 700 3680 Schraderi;
726 3598 783 3670 hae
794 3617 915 3668 tamen
927 3611 1000 3666 tam
1016 3597 1162 3669 moleste
1177 3621 1220 3670 ac

240 3721 409 3820 perplexe
422 3717 574 3814 scriptae,
588 3737 627 3790 ut
645 3719 909 3798 iisextricandis
926 3743 1049 3795 vacare
1062 3720 1124 3791 vix
1135 3720 1222 3813 pos-

239 3845 314 3922 sem
325 3881 335 3928 ς
362 3843 528 3942 inprimis
546 3867 629 3916 cum
647 3845 686 3922 in
702 3845 802 3920 Cirin
823 3844 972 3917 meliora
989 3842 1069 3940 jam
1091 3844 1220 3947 ipsein

239 3966 562 4046 Emendationibus
590 3966 772 4063 vulgaffet.
836 3967 931 4037 Cum
960 3989 980 4036 a
1007 3967 1085 4037 viro
1114 3965 1221 4038 dodlo
1313 4020 1315 4023 -

237 4091 394 4183 Edvardo
408 4091 561 4200 Bumaby
571 4092 674 4170 (ir-een
686 4091 731 4168 ad
743 4091 878 4166 calcem
890 4089 1072 4192 Apollonii
1085 4089 1221 4166 Rhodii

1130 4215 1223 4299 T.I
