3225 5200
611 567 896 645 ιεοΡΑ.
1046 514 1068 608 ἕ
1210 604 1276 678 „3

348 764 399 838 Et
412 762 554 836 trichila
569 763 770 840 umbriferis
789 769 918 866 frigida
934 770 1178 845 arundinibus.

298 899 363 974 Est
380 920 414 974 et
430 882 605 972 Maenalio
620 925 700 996 quae
715 905 827 998 'garrit
840 903 945 978 dulce
960 904 1025 977 sub
1040 926 1152 995 autre,

348 1035 492 1108 Rustica
508 1033 654 1128 pastoris
671 1035 784 1106 fistula
800 1061 900 1108 more
913 1037 1049 1111 sonans.
1231 1060 1277 1113 ιο

299 1167 362 1240 Est
379 1187 412 1239 ct
424 1145 550 1263 vappa,
573 1167 663 1238 cado
679 1192 791 1263 nuper
806 1169 933 1241 diffusa
949 1173 1080 1266 picato.
1155 1185 1162 1200 ‘

347 1299 409 1371 Est
431 1299 613 1395 strepitans
634 1323 740 1372 rauco
754 1325 934 1374 murmure
951 1305 1044 1377 rivus
1060 1328 1173 1400 aquae.

294 1435 385 1507 Sunt
396 1435 504 1506 etiam
520 1457 645 1506 croceo
657 1435 762 1506 violae
774 1435 819 1506 de
834 1437 920 1508 flore
935 1439 1098 1523 corollae;

345 1571 513 1665 Sertaque
528 1595 705 1666 purpurea
720 1573 813 1644 lutea
829 1575 932 1646 mista
948 1575 1025 1648 rosa
1034 1613 1046 1662 ς

294 1706 344 1782 Et
360 1731 441 1804 quae
455 1709 614 1804 virgineo
627 1709 734 1782 libata
751 1710 917 1784 Achelois
929 1711 974 1782 ab
986 1737 1095 1786 ‚amne
1229 1739 1245 1788 1
1251 1739 1270 1813 ς

342 1840 437 1911 Lilia
455 1839 618 1912 vimineis
635 1842 764 1913 adtulit
780 1843 817 1914 in
831 1845 990 1928 calathis.

287 1976 382 2046 Sunt
398 1971 586 2060 etcaseoli,
610 1972 837 2070 quosjuncca
849 1975 971 2048 fiscina
983 1975 1101 2049 ficcat.

331 2254 361 2311 8.
383 2253 498 2312 Tm'chila
509 2256 548 2313 vel
562 2257 688 2315 trahilnm
699 2278 758 2336 per-
805 2256 899 2322 taturi,
923 2257 942 2315 fi
973 2257 1086 2315 alterum
1103 2246 1270 2331 rependent}

291 2329 357 2404 gula
370 2330 452 2387 estex
472 2331 570 2392 viribus
582 2335 667 2391 aliave
678 2335 756 2408 arbo7
804 2334 961 2410 hujusmodi
977 2331 1154 2392 comestiones
1166 2331 1271 2388 dudum

289 2425 321 2464 re
332 2407 497 2484 pedamentis
508 2425 534 2465 et
553 2411 627 2488 jugis
643 2412 757 2478 firmata,
803 2431 837 2468 ex
852 2430 880 2468 re
892 2412 989 2468 critica
1001 2409 1109 2467 sublatae
1119 2407 1268 2484 etexplosae

288 2481 433 2562 implicitis
454 2479 595 2544 frondibus
613 2507 756 2552 concame-
803 2487 1016 2554 effedebebant;
1049 2486 1109 2542 sunt
1131 2485 1204 2542 enim
1218 2504 1269 2543 nec

288 2576 347 2617 rara
362 2563 403 2619 vel
412 2576 520 2621 arcuata
532 2563 566 2620 ad
580 2564 702 2623 umbram
714 2565 755 2623 fa·
803 2564 889 2646 magis
898 2563 1127 2645 mgeniosaequam
1137 2560 1269 2620 nonsruc·

285 2637 425 2707 ciendam,
442 2640 548 2698 notiore
564 2661 631 2711 voce
652 2644 755 2719 lypum·
802 2643 895 2700 tuosae.

281 2716 349 2792 pelas
361 2716 442 2791 didia-
470 2738 497 2775 r.
512 2716 595 2775 Viros
614 2719 754 2778 dudinsad
842 2741 853 2778 r
860 2738 887 2793 3.
907 2721 972 2778 Sunt
992 2734 1017 2775 et
1041 2722 1153 2796 Cecropio
1163 2719 1267 2795 junHae

287 2794 316 2852 b.
338 2794 358 2850 l.
384 2807 412 2849 et
443 2792 589 2852 Columell.
612 2796 654 2863 X,
687 2817 701 2871 3
726 2800 754 2853 8.
800 2796 1002 2871 defloreromllae
1013 2796 1155 2854 trescodd.
1182 2793 1266 2852 Unde

288 2868 409 2926 Similem
446 2872 676 2948 compotationcm
705 2816 753 2933 iub
801 2872 948 2931 Burmann.
972 2870 1108 2951 eleganter
1132 2870 1263 2944 conjicit:

287 2944 445 3003 umbraculo
463 2946 580 3005 describi
592 2948 620 3005 in
633 2949 752 3025 Properr.
803 2951 903 3026 Corycio
912 2953 1014 3027 junelae
1025 2953 1055 3007 de
1066 2954 1144 3021 flore,
1162 2948 1206 3002 vel
1219 2946 1269 3001 Co·

285 3021 342 3091 IV,
363 3029 391 3091 8,
419 3041 453 3096 35
474 3021 532 3101 sqq.
557 3026 660 3083 notavit
686 3028 752 3084 Bur.
801 3036 908 3105 qnoque
919 3047 982 3083 mco
994 3025 1072 3081 viole
1081 3028 1111 3082 de
1114 3029 1181 3097 flore
1192 3019 1267 3080 corol-

286 3120 407 3159 mannus.
447 3098 524 3157 Nlalc
545 3101 574 3158 in
586 3102 697 3161 triclinia
709 3102 751 3159 in·
801 3103 846 3157 lae.

285 3175 412 3237 ciderunt
425 3177 550 3233 nonnulli
560 3202 567 3247 ;
578 3179 624 3235 etsi
638 3179 673 3235 fic
685 3199 751 3255 quo·
845 3195 890 3255 ¹5·
910 3176 970 3233 Ecl.
989 3174 1030 3240 II,
1052 3178 1090 3249 46
1102 3174 1161 3304 sqn.
1175 3173 1265 3247 Nym-

282 3272 337 3328 que
350 3252 481 3331 Pompon.
504 3254 567 3311 Sab.
582 3255 682 3313 rriclina
702 3275 751 3331 pro
799 3252 860 3329 phae
872 3269 900 3312 et
910 3252 1030 3311 Naiades
1050 3252 1139 3307 formo
1151 3269 1169 3305 ο
1181 3266 1265 3325 puero

283 3328 415 3393 triclinia.
465 3329 557 3391 Eriam
581 3332 629 3389 ms.
653 3330 750 3388 Helm·
799 3328 877 3389 flores
889 3329 997 3396 ferunt3
1018 3328 1053 3384 fic
1066 3326 1094 3382 h.
1106 3327 1127 3382 1.
1137 3325 1268 3402 Nympha

285 3405 352 3463 stad.
365 3406 562 3471 triclinaumbro
580 3432 602 3465 s.
799 3407 941 3474 Achelois,
967 3407 995 3463 h.
1020 3403 1141 3469 fontana,
1176 3402 1266 3459 amni·

322 3503 351 3559 9.
370 3485 413 3541 En
436 3500 460 3539 er
484 3483 609 3547 Maenalio
630 3482 690 3551 alii,
722 3496 749 3542 et
796 3485 870 3554 cola,
899 3497 929 3540 ut
952 3501 1032 3539 unam
1057 3500 1092 3538 ex
1112 3479 1276 3554 Naiadibur

283 3560 365 3625 teile,
375 3566 463 3635 sonat.-
796 3559 936 3637 fignificet.
974 3557 1106 3617 Acheloum
1133 3557 1168 3614 de
1192 3574 1263 3634 aqua

325 3654 368 3695 ιο.
384 3640 489 3712 pastoris
505 3658 587 3706 more3
607 3635 705 3705 immo,
724 3647 751 3695 in
797 3636 857 3694 dici
891 3635 981 3714 po'e'tis
1002 3655 1068 3693 non
1101 3635 1265 3709 infrequens.

280 3734 330 3769 ore.
796 3712 879 3773 libata
912 3712 947 3771 ab
981 3735 1065 3778 amne,
1104 3709 1266 3776 humefasta,

245 3846 251 3859 ,
325 3808 369 3847 11.
387 3792 476 3867 adfusa
496 3788 552 3846 duo
565 3790 660 3859 codd„
679 3805 707 3848 et
720 3791 750 3849 id
796 3790 868 3847 viola
892 3789 922 3845 in
948 3788 1006 3865 ripa
1027 3788 1135 3851 florens,
1179 3803 1262 3859 quam

280 3864 386 3923 malunt
403 3864 459 3925 viri
470 3866 561 3935 ἀοὲὶίς
582 3887 644 3925 nam
658 3866 750 3944 agitur
792 3866 865 3923 'adeo
874 3865 952 3922 alluit
965 3866 1046 3921 unda.
1071 3863 1162 3918 Miror
1174 3859 1265 3917 Hein-

280 3943 315 3998 de
338 3941 405 3999 vino
427 3962 443 3999 e
464 3943 545 4011 cado,
564 3945 666 4020 majore
677 3942 748 4011 vase,
797 3941 829 3999 fii
851 3958 980 3998 acumen:
1010 3938 1092 4000 libata
1116 3939 1151 3995 ab
1174 3938 1264 3995 orele.

278 4018 309 4079 in
323 4016 410 4075 minus
422 4018 528 4077 desus.
738 4078 740 4085 ,
796 4018 895 4095 gentis.
934 4024 1076 4092 virgineum
1095 4038 1190 4072 amnem
1203 4013 1263 4073 sua-

320 4113 364 4151 12.
388 4096 424 4153 Er
438 4100 575 4173 strepitans
600 4095 746 4174 legendum
795 4092 866 4151 viter
877 4092 949 4150 dixit
958 4111 1066 4169 purum,
1086 4090 1262 4168 pellucidum.

276 4189 344 4229 cum
354 4171 390 4232 al.
400 4174 465 4229 edd.
494 4178 633 4250 strepitans
652 4174 680 4231 in
694 4196 745 4231 cre·
796 4171 857 4229 Nec
871 4169 906 4226 ad
919 4167 1064 4245 Virginem
1078 4187 1187 4245 aquam,
1202 4187 1264 4248 quae
1339 4216 1345 4224 .

269 4256 369 4323 piram,
394 4252 533 4326 trepidans.
562 4246 667 4313 iuutant
691 4248 746 4311 viri
796 4246 892 4305 Romae
905 4243 971 4310 fuit,
995 4247 1137 4302 recurram.
1369 4306 1376 4317 .

273 4323 362 4395 doni,
380 4324 464 4385 iidem
476 4322 530 4385 hoc
550 4326 580 4387 in
600 4325 670 4387 illud
684 4346 746 4386 mu·
830 4320 1066 4408 17.scirpeaLeid.
1079 4336 1107 4383 et
1119 4319 1264 4399 edlunt„

413 4423 431 4465 2
1236 4410 1265 4457 et
