3225 5200
417 539 460 604 ηε
544 529 583 602 Ρ.
622 525 901 602 v1nc1c11
930 478 1241 605 ¹marconis

417 723 624 808 Tondentur
639 743 758 797 tenero
773 725 961 798 viridantia
977 728 1138 822 gramina
1155 729 1283 816 morsu,
1342 750 1390 826 50

414 857 570 931 Pendula
585 853 749 952 projectis
766 842 957 952 carpuntur
972 878 1007 931 et
1023 860 1146 930 arbuta
1163 863 1281 950 ramis,

410 991 594 1086 Densaque
612 992 773 1088 virgultis
789 993 892 1095 avide
908 993 1063 1066 labrusca
1079 1013 1262 1089 petuntur.

411 1120 506 1195 Haec
518 1119 675 1216 suspensa
691 1121 782 1216 rapit
794 1140 961 1217 carpente
973 1121 1159 1194 cacumina
1177 1123 1295 1194 morsu

412 1255 479 1328 vet
496 1255 607 1327 salicis
618 1256 736 1340 lentae,
761 1256 816 1326 vel
829 1279 910 1350 quae
926 1278 1016 1326 nova
1043 1255 1195 1326 nascitur
1209 1255 1329 1326 alnust

411 1392 505 1468 Haec
522 1410 653 1466 teneras
665 1392 837 1464 fruticum
854 1391 965 1464 sentes
981 1393 1210 1473 rimatutzat
1228 1392 1288 1462 illa
1338 1414 1380 1488 53

381 1528 383 1534 ¹
411 1533 569 1610 Inminet
585 1533 621 1604 in
637 1532 711 1604 rivi*
719 1528 913 1626 praestantis
929 1527 1095 1625 imaginis
1112 1529 1257 1600 undam.

411 1762 455 1824 pis.
488 1756 528 1805 Est
539 1755 590 1804 haec
601 1751 715 1801 Bembina
725 1749 808 1798 lectio,
841 1749 903 1800 Edd.
924 1761 983 1798 vett.
999 1762 1054 1799 ante
1067 1753 1250 1804 Bembumcum
1263 1753 1329 1801 Vols,
1342 1754 1387 1802 ha·

414 1835 516 1887 bebantr
532 1837 618 1898 defines
628 1833 735 1882 herebant
744 1835 774 1878 ad
781 1849 836 1878 aava
850 1842 918 1893 rupes.
952 1830 1000 1878 Ms.
1013 1831 1103 1882 Koelet.
1115 1836 1195 1895 desertis
1210 1833 1312 1890 herebat,
1327 1843 1351 1879 et
1361 1831 1387 1880 in

415 1926 493 1977 marg.
503 1911 607 1960 errabant.
639 1905 820 1970 Scaligeretns.
831 1906 913 1954 contii
924 1905 1056 1972 probabat:
1080 1909 1278 1970 desertisbaerebaar
1291 1911 1320 1954 ad
1334 1925 1389 1952 cava

410 1994 493 2056 eapte·
517 1990 617 2040 Hatera
628 1986 693 2036 enirn
704 1996 728 2034 et
739 1987 842 2050 pendere
852 2000 941 2048 capras.
971 1985 1186 2037 NecaliterBartb.
1199 1989 1314 2048 XX,19·
1341 1983 1389 2032 Sed

412 2076 438 2118 ,et
449 2076 526 2130 repere,
540 2081 567 2112 ac
586 2074 694 2128 perrepere
705 2061 801 2124 propria
823 2077 948 2125 caprarum
968 2061 1030 2109 sunt.
1049 2059 1127 2112 chius.
1141 2076 1195 2124 103.
1225 2081 1253 2127 p,
1267 2066 1319 2109 avia
1330 2065 1389 2125 rapis

415 2140 478 2204 conj.
492 2140 583 2197 licini,
598 2139 670 2187 etiam
682 2136 706 2184 in
718 2135 846 2184 Ad'versar.
865 2153 888 2200 p.
899 2149 941 2196 51.
974 2138 1013 2200 Jo.
1031 2137 1153 2186 Schrader.
1164 2142 1241 2196 ardua,
1255 2143 1388 2187 devia.—

416 2229 458 2278 50.
479 2218 594 2266 sordebant
605 2215 656 2263 edd.
670 2223 728 2260 vett.
762 2213 861 2262 Eaedem
872 2230 926 2262 cum
938 2213 1005 2262 codd.
1018 2213 1082 2261 Vols.
1094 2226 1118 2262 et
1130 2217 1212 2266 Petav.
1225 2215 1287 2263 hunc
1295 2213 1389 2261 versum

415 2281 472 2349 ante
483 2312 506 2343 v.
519 2310 550 2358 49
562 2291 708 2342 collocabant
721 2307 726 2338 :
745 2291 824 2338 minus
834 2292 898 2338 scite,
918 2293 979 2339 Mox
990 2295 1162 2355 tenero-morsa.
1192 2293 1308 2351 offendit,
1324 2293 1389 2357 quod

410 2371 498 2434 ⁴versus
509 2371 593 2422 abhinc
605 2366 688 2416 tertius
700 2366 786 2412 iterum
799 2366 823 2412 in
834 2368 900 2426 morfia
909 2366 965 2412 exit.
997 2367 1124 2416 Promtum
1135 2380 1185 2417 etat
1195 2380 1262 2418 haara
1271 2374 1326 2416 dente
1336 2369 1390 2416 sub-

393 2501 395 2510 7
415 2443 521 2498 stitucte.
555 2440 693 2502 Erythraeus
701 2438 764 2500 apud
773 2438 924 2488 Taubmann.
937 2441 1007 2503 morfia
1018 2440 1085 2505 legit,
1095 2443 1158 2506 quod
1169 2461 1183 2492 a
1194 2447 1300 2491 mandando
1310 2443 1388 2491 finxit.

415 2533 522 2578 μμ.
539 2519 639 2576 labrusca.
675 2513 737 2560 Mire
749 2525 861 2577 corrupta
879 2513 925 2562 suit
938 2515 989 2564 haec
1000 2532 1047 2564 vox
1064 2518 1088 2564 in
1101 2518 1159 2582 Julii
1172 2520 1297 2582 Pomponii
1309 2518 1391 2566 librisr

414 2594 451 2642 vel
460 2593 535 2659 insta.
570 2588 646 2641 Addit
658 2586 698 2635 ille
710 2604 716 2634 ι
733 2594 748 2618 “
761 2587 872 2637 Brustum
883 2589 1003 2649 alburch,
1019 2608 1071 2655 quae
1084 2593 1114 2641 ad
1124 2607 1291 2643 ornamentum
1299 2594 1391 2642 mensa·

413 2676 430 2700 ⁴⁴
443 2684 497 2716 rum
509 2668 613 2717 secatur:
632 2662 742 2713 meminit
755 2662 818 2713 Plin.
831 2663 872 2711 lib.
887 2667 927 2713 16.
961 2666 1026 2714 Alibi
1046 2669 1141 2716 invenio
1157 2671 1246 2730 brustunr
1257 2670 1302 2718 else
1314 2682 1390 2733 genua

413 2750 430 2775 ⁸⁴
442 2744 559 2793 arboris.”
593 2742 638 2789 Sed
650 2751 676 2787 et
684 2739 747 2802 apud
760 2740 902 2797 Ptinxvl,
920 2738 958 2804 36,
975 2740 994 2788 s.
1008 2755 1038 2802 27
1057 2744 1148 2806 bruscum
1165 2744 1198 2793 est
1217 2744 1286 2793 tuber
1297 2746 1386 2793 aceris=

416 2820 521 2867 alienum
529 2819 558 2867 ab
569 2818 593 2866 h.
606 2817 623 2867 l.
657 2816 712 2880 Jam
724 2814 816 2877 labrusca
821 2820 889 2879 petita
897 2816 940 2880 estc
956 2816 997 2863 ms.
1013 2817 1112 2865 Helmst.
1124 2819 1154 2866 ad
1165 2820 1229 2868 vocis
1240 2819 1389 2868 communio·

414 2910 467 2943 rem
479 2895 590 2945 sormam.
624 2894 657 2939 ht
669 2888 767 2952 vulgata
779 2888 916 2936 defenditur
936 2905 950 2936 a
961 2889 1051 2947 Nonio,
1069 2892 1110 2954 qui
1129 2894 1191 2943 hunc
1202 2895 1297 2942 versum
1308 2894 1388 2942 lauda.

415 2972 458 3021 vit.
493 2974 541 3021 vid.
562 2972 613 3035 sup.
633 2986 657 3033 p.
677 2965 932 3025 1Prooemii,-.-—53.
951 2967 1008 3015 Haec
1011 2969 1108 3034 strspeaja
1119 2970 1184 3020 tedio
1193 2971 1272 3035 jungit
1283 2970 1388 3019 Taubm.

414 3044 465 3111 ipsa
476 3048 570 3109 erigens
580 3046 603 3095 se
615 3042 713 3107 capella.
748 3041 815 3091 Olim
834 3040 909 3091 male:
928 3044 1002 3104 Necſs
1035 3044 1082 3091 Sed
1103 3044 1211 3108 displicet
1231 3057 1323 3111 carpente
1336 3047 1388 3111 post

413 3134 531 3188 carpuntur
542 3134 566 3171 et
577 3122 642 3183 morfia
654 3117 704 3183 post
712 3133 738 3163 v.
746 3130 788 3177 50.
819 3116 859 3181 Jo.
870 3114 992 3166 Schrader.
1004 3118 1065 3181 conj.
1082 3123 1252 3170 rodentem.--
1253 3136 1293 3181 54.
1302 3122 1387 3170 Heius.

415 3202 535 3251 malebat:
553 3204 651 3264 φάμας
667 3207 723 3243 autz
747 3198 790 3253 vel,
804 3214 849 3257 quae
860 3215 882 3245 n.
890 3199 993 3260 pascitur,
1006 3199 1058 3245 alni.
1091 3197 1155 3245 Voss.
1169 3200 1253 3261 Haecs.
1266 3204 1391 3263 etpascr'tue

413 3293 519 3339 a.--5
522 3292 544 3338 5.
554 3280 637 3340 sentes3
653 3269 737 3335 quidni
749 3271 859 3334 frondes?
890 3270 971 3319 Heius.
984 3270 1046 3334 conj.
1058 3281 1134 3320 tenere
1137 3275 1238 3335 fruticem
1248 3277 1323 3336 sentis.
1339 3276 1391 3327 uid.

415 3354 531 3417 Calpurn.
544 3354 595 3400 Ecl.
613 3353 635 3397 V
658 3345 761 3411 (versum
778 3361 850 3407 quem
861 3345 980 3408 respiciat,
995 3361 1043 3392 non
1054 3347 1166 3411 reperio).
1192 3351 1260 3411 sentes
1272 3353 1389 3402 miratae

412 3431 455 3491 ms·
473 3426 664 3485 Κᾳὶει,--56.
682 3422 760 3469 lels
779 3420 862 3471 horret
884 3421 972 3480 versus,
987 3420 1004 3468 fi
1022 3426 1075 3468 unda
1096 3427 1142 3469 rivi
1156 3427 1276 3492 prestantis
1292 3431 1389 3491 imaginis

413 3505 477 3557 dida
489 3504 533 3552 else
546 3500 632 3550 debet:
656 3500 736 3561 itaque
755 3512 811 3544 eum
826 3507 965 3559 corruptum
977 3495 1022 3544 else
1033 3496 1112 3545 nullus
1124 3498 1213 3550 dubito.
1249 3504 1388 3567 ltaquoque

409 3584 532 3647 ,scaligero
544 3583 631 3641 visum,
649 3578 689 3641 qui
702 3574 812 3638 legebat:
831 3577 926 3621 Imminet
937 3578 1016 3638 irrigaus
1022 3574 1137 3641 prestanti,
1153 3576 1192 3625 vel
1198 3586 1320 3644 properanti
1329 3602 1389 3629 man

409 3662 465 3723 ginis
477 3659 554 3706 urdae:
572 3657 597 3703 in
609 3670 656 3717 qno
664 3650 804 3703 facilitatem
816 3650 906 3713 ingenii
917 3660 941 3697 et
950 3648 1084 3707 versutnon
1093 3650 1303 3706 minuadefideces.
1337 3660 1387 3707 Re.

411 3736 528 3800 fingerem
537 3732 619 3780 saltem
631 3728 675 3777 lic:
699 3730 800 3790 praetean'
816 3726 857 3778 vel
871 3730 974 3789 praetexti
988 3731 1095 3791 marginis.
1130 3729 1176 3777 Sed
1196 3730 1291 3785 suavior
1309 3732 1386 3794 multo
1422 3744 1426 3747 ’

413 3813 446 3862 est
458 3809 563 3874 vulgaria
574 3804 654 3863 tectio,
671 3802 743 3849 modo
763 3800 780 3849 fi
790 3804 885 3864 imaginis
897 3803 989 3847 ambram
1008 3801 1074 3866 legas
1083 3803 1179 3867 poetice
1190 3822 1235 3869 pro
1246 3807 1350 3870 imagine
1361 3808 1386 3864 in

411 3890 465 3937 rivo
476 3888 540 3934 visa:
572 3884 597 3931 in
608 3883 668 3929 hanc
680 3879 721 3927 illa
732 3878 828 3941 desuper
849 3893 862 3925 e
877 3878 930 3941 ripa
950 3877 1068 3935 imminet,
1082 3878 1261 3942 prospedlando.
1293 3884 1319 3927 ln
1326 3893 1388 3945 prae·

402 3966 483 4029 stantis
494 3961 589 4008 videtur
601 3956 674 4005 latere
690 3953 783 4019 prostans
803 3962 844 3999 aut
862 3951 911 4018 ipsa
922 3963 963 4001 aut
974 3954 1033 4018 ripa.
1067 3954 1131 4000 Nam
1140 3950 1232 4017 prostans
1242 3956 1387 4016 prominent,

412 4039 540 4102 utprcfianr
552 4037 637 4101 angulus
658 4030 721 4096 apud
731 4028 882 4090 Lucretium,
892 4031 987 4103 prestans
1004 4039 1075 4093 rupes.
1106 4031 1162 4103 Jam
1182 4047 1208 4075 ex
1225 4033 1388 4086 riviundams.

580 4106 582 4112 ⁸
1284 4105 1385 4168 Hehnhq

411 4268 506 4325 locum
518 4282 533 4319 e
543 4263 653 4319 Colum.
666 4261 732 4329 VII,
753 4263 783 4331 6,
802 4262 874 4322 unde
921 4260 1105 4348 phantasmata
1116 4253 1206 4335 quivis
1215 4255 1293 4314 facile
1305 4265 1386 4337 po'e'ta

415 4346 472 4404 haec
483 4340 573 4403 omnia
585 4341 700 4414 expireffa
711 4339 797 4397 videri
816 4339 874 4414 pos-
921 4338 1062 4405 inciderit,
1074 4339 1157 4397 etiam
1170 4331 1385 4395 Columellanon

414 4422 475 4487 fint,
525 4415 577 4473 Sed
601 4415 630 4472 in
664 4414 761 4473 fimilia
784 4433 874 4473 terum
921 4413 1001 4487 lecto.
