3225 5200
393 518 440 592 72
522 495 563 570 P.
596 493 881 570 umorum
931 494 1224 580 uuuours

395 691 522 780 Dixit;
546 712 581 768 et
597 713 754 770 extrema
770 696 879 780 tristis
892 721 977 776 cum
992 716 1088 791 uoce·
1096 695 1245 771 recellit.

443 829 553 901 Hunc
569 831 632 904 ubi
649 828 841 904 sollicitum
855 830 989 903 dimifit
1005 831 1134 909 inertia
1148 833 1255 914 vitae:

394 965 546 1057 Interius
560 968 717 1062 graviter
728 985 887 1043 mentem
901 992 998 1065 aeger
1007 991 1074 1052 nec
1090 968 1175 1042 tulit
1190 967 1281 1043 ultra
1296 971 1364 1062 383
1390 997 1394 1002 ·

395 1105 556 1180 Senfibus
571 1106 726 1183 infusum
744 1106 879 1194 Culicis
894 1106 940 1189 de
954 1124 1071 1183 morte
1085 1108 1257 1187 dolorem.
1311 1190 1315 1202 ,

393 1245 732 1342 Qantumcumque
748 1245 814 1324 fibi
828 1246 917 1320 vires
933 1244 1088 1321 tribuere
1101 1246 1235 1336 seniles,

396 1381 505 1479 (le
523 1397 641 1460 tamen
657 1381 825 1480 insultum
838 1404 998 1476 pugnans
1015 1380 1193 1466 devicerat
1209 1383 1363 1471 hostem)

393 1515 531 1590 Rivum
546 1535 690 1614 propter
704 1540 818 1612 aquae,
833 1515 940 1588 viridi
955 1515 1019 1587 sub
1036 1515 1159 1588 fronde
1175 1517 1345 1592 latentem

395 1657 754 1732 Conformarelocum
763 1656 861 1752 capit
871 1656 1029 1752 inpiger:
1045 1657 1139 1731 huuc
1149 1673 1185 1728 et
1197 1656 1368 1742 inorbern

294 1871 296 1877 ,
394 1793 566 1882 Destinat,
581 1816 621 1864 ac
636 1791 722 1874 ferri
738 1792 908 1886 capulum
925 1791 1087 1888 repetivit
1101 1791 1139 1862 in
1155 1791 1268 1880 usum,
1293 1817 1361 1892 391

394 1929 626 2003 Gramineam
642 1945 682 2000 ut
698 1926 804 2008 viridi
821 1924 954 1997 foderet
969 1926 1013 1998 de
1028 1927 1158 2025 cespite
1174 1946 1315 2004 terram.

393 2051 474 2160 Jom
492 2089 630 2158 memor
643 2064 827 2157 inceptum
843 2083 1011 2157 peragens
1027 2063 1092 2137 fibi
1109 2089 1191 2137 cura
1207 2066 1367 2152 laborem

393 2169 611 2294 Congellum
627 2169 824 2272 cumulavlt
837 2218 938 2288 opus,
949 2212 1055 2290 atque
1070 2221 1198 2297 aggere
1215 2199 1332 2272 multo
1356 2168 1358 2171 V

393 2423 518 2487 Ald.cum
529 2423 613 2470 Petav.
647 2418 990 2484 HeinfiEnmea-raprantur.
1025 2422 1168 2480 Verumest
1188 2435 1212 2473 ee
1229 2423 1270 2472 hic
1286 2423 1368 2474 versus

393 2495 699 2562 interpolatorio.--384.
715 2498 790 2545 inertia
800 2499 858 2542 virae
869 2496 926 2558 quid
937 2494 977 2543 hic
994 2495 1032 2554 fit,
1049 2513 1098 2545 non
1118 2499 1203 2550 dicam.
1237 2505 1315 2567 Lego=
1332 2505 1366 2562 iro·

393 2574 448 2636 'mla
457 2575 531 2643 somni,
545 2573 569 2623 h.
589 2573 692 2632 somnus,
702 2571 744 2621 ubi
756 2572 875 2637 pastorem
888 2571 985 2634 dimifit,
1002 2573 1110 2641 reliquit.
1143 2581 1188 2644 νῷ
1197 2579 1260 2646 conj.
1279 2581 1366 2642 Heius,

393 2652 516 2715 -385.
533 2665 601 2721 aegrer
613 2651 716 2716 Scaliger
733 2652 852 2714 emendat,
874 2668 917 2700 nec
935 2652 1005 2703 male.
1039 2654 1119 2703 Potest
1130 2666 1210 2707 tamen
1221 2659 1298 2709 oratio
1309 2676 1367 2709 cou-

393 2732 496 2783 tiuuari:
514 2748 573 2797 ager
583 2748 618 2779 nec
629 2729 682 2777 tulit
690 2744 743 2793 pro,
765 2747 801 2777 non
813 2742 841 2787 t,
856 2740 883 2777 ut
894 2727 949 2787 feei,
967 2728 1058 2778 sublata
1074 2731 1224 2784 distinetione
1234 2736 1286 2803 post
1297 2754 1365 2803 aeget.

393 2808 477 2858 Aliam
488 2802 625 2863 leeliouem,
643 2820 715 2869 quam
726 2803 799 2853 etiam
811 2805 854 2855 ms.
875 2804 975 2854 Helmst.
994 2823 1049 2855 tum
1066 2809 1149 2872 Petay,
1168 2822 1193 2859 et
1203 2813 1269 2862 Voff.
1286 2805 1367 2881 haber,

391 2883 486 2952 profert
505 2881 609 2947 Scaliger
628 2891 651 2928 et
668 2879 766 2945 probate
783 2882 877 2930 Interius
888 2884 991 2947 graviter
1009 2899 1160 2950 regenmetnr
1176 2887 1210 2936 ita
1228 2890 1293 2941 enim
1310 2892 1367 2947 stri-‚

392 2961 508 3017 bendum,
530 2974 579 3007 nou
597 2976 646 3025 rege
660 2972 753 3007 marton.
788 2958 875 3023 Jacobs
893 2958 972 3007 noster
987 2975 1034 3010 em.
1066 2965 1156 3027 Ingemit
1172 2979 1193 3013 et
1207 2985 1246 3035 gr.
1280 2968 1368 3021 Malim

393 3040 500 3104 Ingemuit
514 3038 624 3101 graviter,
643 3048 727 3082 mentem
745 3050 811 3098 teger,
831 3033 976 3095 n.-38⁶.
995 3036 1021 3086 S.
1042 3038 1140 3105 inclusum
1154 3040 1197 3087 ms.
1209 3041 1366 3094 Kerke...-

395 3107 452 3177 388.
471 3114 624 3181 Qeiner'r,
640 3108 738 3158 viribus.
767 3124 854 3175 pugnas
867 3118 928 3161 vett.
939 3109 1003 3168 edd„
1014 3110 1084 3160 fnale.
1112 3114 1185 3179 bostem
1195 3115 1238 3166 int.
1251 3118 1364 3181 hydram,

394 3192 451 3257 389.
470 3186 514 3237 Uti
529 3187 685 3243 distinximus,
700 3206 727 3234 v.
738 3186 760 3253 j.
770 3187 853 3251 fronde
869 3184 965 3244 latentem
982 3186 1184 3250 Iucumjunximur.
1218 3191 1270 3240 Alii
1280 3197 1365 3255 Rivum

393 3272 491 3320 latentem
507 3265 643 3331 junxerant,
660 3261 700 3309 vel
719 3261 791 3327 bostem
809 3262 1038 3327 latentem.--391.
1056 3265 1097 3310 hac
1105 3264 1169 3328 fem·
1186 3269 1283 3333 cupidum
1301 3283 1364 3324 vett,

393 3346 458 3403 edel,
468 3340 540 3399 male,
550 3351 574 3388 et
585 3356 607 3388 v.
622 3351 669 3403 392
681 3336 743 3385 abest
755 3350 795 3385 ut.-
811 3347 865 3383 tum
878 3336 966 3383 Aldina
977 3353 1032 3390 cum
1050 3336 1104 3385 edd.
1123 3338 1169 3387 Ge.
1189 3340 1279 3390 Fabrit.
1295 3348 1367 3396 viridi

355 3450 361 3463 .
386 3423 472 3490 fodiens
483 3419 516 3467 de.
549 3417 647 3485 capulum
666 3417 688 3462 in
707 3414 763 3479 usum
781 3414 873 3479 repetere
893 3413 955 3461 mire
974 3412 1066 3460 dietum
1085 3412 1126 3461 est.
1158 3415 1239 3465 Heius.
1259 3421 1323 3485 conj.
1339 3445 1368 3486 af

386 3500 449 3565 ferri
459 3514 477 3543 c.
497 3513 518 3543 r.
540 3496 607 3551 acuti,
628 3489 693 3556 quod
711 3504 758 3535 non
776 3488 831 3535 taus
849 3488 1039 3552 facit—393.
1058 3492 1085 3537 ln
1102 3489 1148 3538 hoc
1167 3503 1192 3540 et
1210 3493 1275 3561 seqq.
1295 3499 1367 3563 plura

392 3572 498 3641 plurium
516 3566 702 3616 verlificatorum
723 3564 864 3614 tentamina.
905 3564 952 3612 llic
973 3566 1057 3615 [altem
1078 3566 1159 3617 versut
1180 3569 1365 3623 delendus...-

394 3655 455 3715 394?
469 3646 584 3713 Aggestum
603 3662 622 3693 r.
642 3640 724 3699 Heius.
737 3656 798 3705 erm,
815 3652 840 3704 et
856 3654 921 3708 utque
933 3658 956 3690 a.
968 3660 997 3693 rr.
1032 3644 1103 3707 Forte
1121 3643 1184 3695 fuit:
1201 3648 1314 3716 Aggestam
1330 3674 1366 3705 ω.

424 3748 429 3755 ·
513 3724 518 3731 ’
1231 3726 1235 3731 ’
1263 3726 1369 3794 'nulavr'e

407 3945 409 3949 .
434 3894 500 3967 384.
521 3887 857 3968 Exsurgitasomnopass
904 3888 1023 3948 fabulam
1052 3910 1086 3951 eo
1111 3905 1311 3973 attemperatum
1338 3911 1367 3957 et

395 3979 439 4022 tor
461 3982 488 4022 et
509 3966 604 4035 Culici
625 3966 757 4025 tumulum
770 3982 856 4043 parat.
903 3969 1070 4026 efformatam
1080 3970 1131 4027 effe
1149 3987 1265 4049 apparet.
1299 3993 1366 4051 390.

395 4040 452 4101 Erfi
474 4040 546 4099 enim
569 4062 624 4101 non
643 4040 741 4101 diserte
765 4044 800 4101 de
824 4063 860 4105 oo
903 4055 969 4121 capit
987 4052 1159 4123 coty'ormare:
1188 4048 1310 4128 suscipit,
1327 4066 1365 4109 -ut

394 4117 484 4175 Culex
498 4118 682 4195 conqueritur,
696 4120 770 4196 quod
779 4121 856 4195 justis
904 4121 980 4199 supra
1000 4137 1125 4196 comparat
1145 4126 1217 4185 dare.
1245 4147 1283 4185 lv.
1307 4145 1366 4204 204

394 4192 446 4251 fibi
456 4213 511 4251 non
531 4194 649 4269 praestitis
666 4196 759 4253 umbra
771 4195 800 4267 iu
813 4197 855 4255 iu·
903 4215 928 4255 et
939 4207 966 4254 in
967 4201 1045 4276 seffor
1058 4209 1161 4277 requiem
1167 4204 1230 4261 dare
1238 4220 1364 4281 emporus

395 4269 460 4327 seris
491 4271 578 4327 sedem
604 4270 727 4329 habitura
754 4288 855 4341 certam
901 4289 982 4333 artus.
1022 4275 1108 4335 Aliud
1121 4278 1156 4347 est
1173 4279 1250 4337 Iocum
1266 4296 1365 4361 ωριτες

396 4365 449 4422 gon
476 4344 518 4429 fit!
548 4359 632 4420 totam
657 4363 747 4419 tumen
769 4355 855 4425 poeto:
902 4351 977 4427 quod
990 4350 1110 4429 Scaliger
1121 4352 1174 4411 huc
1187 4371 1274 4428 voest!
1338 4346 1344 4358 ’
