3225 5200
600 475 884 571 CULEK
1049 569 1082 582 ‘⁸
1185 517 1229 594 Β

248 699 347 770 Nam
364 693 505 766 vinctus
521 687 613 762 sedet
629 688 780 760 inmanis
797 671 1014 781 serpentibus
1031 685 1133 772 Otos,
1220 711 1226 720 ·

251 831 471 912 Devintturn
488 823 628 898 maestus
645 823 769 919 procul
788 819 982 916 adspiciens
1000 815 1204 912 Ephialten,

254 964 381 1042 Conati
396 986 485 1036 cum
502 958 568 1029 fint
584 956 765 1052 quondam
779 952 973 1026 rescindere
990 951 1187 1034 mundum3

253 1104 303 1176 Et
317 1103 452 1196 Tityos,
470 1097 620 1181 Latona,
636 1111 708 1164 tuae
724 1115 862 1164 memor
877 1093 1000 1162 arixius
1014 1089 1088 1174 irae,
1157 1085 1225 1180 236

252 1232 479 1330 inplacabilis
497 1229 549 1302 ira
565 1227 683 1314 nimis,
698 1227 794 1322 jacet
810 1225 903 1298 alitis
920 1224 1009 1296 esca.

253 1367 403 1454 Terreor
419 1370 464 1441 ah
481 1369 586 1440 tantis
603 1366 768 1453 infistere,
784 1383 915 1438 terreor
927 1367 1074 1453 umbris,

253 1508 315 1590 Ad
329 1507 464 1604 Stygias
479 1524 660 1578 revocatus
678 1529 796 1600 aquas.
850 1502 918 1574 Vix
931 1505 1077 1579 ultimus
1094 1511 1191 1580 amni

254 1707 319 1756 Nam
330 1728 390 1776 quem
401 1707 431 1757 de
443 1708 525 1760 eutice
542 1707 714 1774 accipiendum.
747 1709 820 1755 Feror
839 1724 937 1774 carpens
957 1708 1043 1772 (cursu,
1062 1709 1154 1775 volatu)
1172 1707 1226 1756 aria

255 1783 337 1852 (loca),
355 1787 408 1834 avia
425 1785 542 1842 distamia,
560 1785 624 1834 inter
643 1785 672 1835 C.
686 1784 712 1841 l.,
730 1783 788 1832 dum
800 1785 861 1833 cirea
872 1803 911 1834 me
922 1801 1000 1850 poenae
1010 1787 1087 1834 tristes
1097 1787 1226 1834 densentur

253 1867 359 1924 bomaio,
369 1865 397 1914 h.
407 1864 609 1930 quaquaversum,
625 1863 738 1926 undique.
772 1863 810 1925 Sic
822 1864 887 1914 enim
897 1865 991 1914 videtur
1002 1866 1109 1929 posuisse.
1128 1865 1159 1916 cs.
1177 1863 1223 1914 ins.

254 1953 310 1998 241.
343 1943 428 2007 jacobs
439 1942 535 1992 noster:
553 1943 661 2012 defieret
670 1945 691 1990 t'n
699 1944 799 2010 agmirm
816 1942 905 1990 Saltem
915 1947 977 2011 Qus
988 1942 1070 2008 (lucos)
1079 1948 1135 2002 eirca
1144 1943 1224 2006 legen·
1323 1955 1328 1973 ¹

253 2017 311 2078 ditm
324 2020 432 2072 arbitrer·
460 2021 573 2084 densentur
591 2018 656 2066 redie
670 2030 817 2068 revocatum.
852 2019 903 2077 Alii
913 2021 1026 2086 densantur
1037 2030 1059 2068 ct
1072 2034 1142 2085 paeue.
1175 2021 1226 2068 De·

251 2095 336 2152 scribit
353 2107 435 2146 antem
451 2097 587 2154 Tartarum,
617 2096 743 2152 Ceterum
763 2095 867 2158 Scaliger
885 2096 925 2144 hic
944 2097 1032 2146 iterum
1049 2097 1130 2160 plures
1146 2098 1226 2146 ausus

251 2171 399 2236 transponit,
409 2172 475 2221 nullo
486 2171 517 2220 ad
526 2174 618 2237 politam
634 2181 658 2219 et
670 2171 812 2220 sententiam
823 2188 878 2220 cum
893 2171 982 2228 stada,
1000 2189 1039 2221 me
1051 2173 1148 2235 quidem
1162 2171 1226 2220 arbi·

255 2257 305 2296 tto.
341 2247 433 2296 Scilicet
443 2248 495 2312 post
504 2260 550 2307 232
559 2252 627 2318 Qasr
635 2251 699 2306 circe,
710 2247 790 2296 inserit
802 2264 826 2297 v.
842 2263 897 2310 247.
928 2251 1003 2314 Atque
1013 2250 1067 2297 aliar
1078 2251 1118 2296 asro
1125 2249 1224 2297 densent

246 2323 318 2392 super
327 2342 349 2372 a.
360 2339 395 2382 ις
411 2335 463 2374 tum
481 2324 528 2386 238
539 2326 626 2386 Teneor
643 2336 810 2390 etc-433.
828 2329 900 2375 viteus
911 2325 940 2374 at
952 2327 1035 2391 mestar
1046 2329 1131 2376 Petav.
1165 2330 1225 2375 Mox

251 2401 323 2460 othon
341 2399 436 2463 peliinse
454 2401 575 2456 dederant.
607 2401 646 2450 Est
663 2401 731 2454 'nei‘
751 2402 805 2450 satis
825 2400 944 2450 notusvel
956 2419 983 2452 ex
996 2405 1044 2451 Od.
1056 2425 1082 2462 a,
1099 2418 1224 2465 307.—

255 2490 312 2538 234.
327 2481 459 2529 Devinftum
467 2478 534 2550 lego,
543 2479 568 2538 b.
580 2481 670 2544 pariter
682 2479 799 2544 vindipm„
832 2479 860 2526 ld
876 2495 970 2545 qnoque
986 2480 1106 2533 Asulanus
1116 2493 1140 2529 et
1152 2482 1225 2528 Bem-

253 2551 297 2601 bus
316 2553 447 2602 ediderant.
479 2553 596 2619 intelligit
609 2554 708 2615 Aloidas
718 2570 746 2603 ex
760 2556 819 2604 AEn.
833 2555 878 2616 vt,
893 2553 949 2616 582.
979 2555 1078 2620 Vulgo:
1095 2560 1222 2607 veverum.

254 2628 314 2691 Edd.
334 2640 394 2679 vett.
418 2624 510 2695 aliquot
530 2636 647 2695 Devitlus.
678 2636 802 2688 ,Caeterum
820 2632 929 2697 alligatos
947 2633 1063 2682 columnae
1081 2634 1180 2681 Aloidas
1198 2642 1223 2680 et

253 2702 294 2777 alii
305 2705 399 2767 dixere;
413 2707 454 2756 sed
465 2708 507 2755 sibi
521 2710 623 2761 aversos.
657 2711 748 2775 Hygia.
760 2708 780 2758 s.
795 2707 826 2760 aab
846 2712 896 2776 Qi
912 2711 942 2759 ad
959 2713 1035 2776 inseror
1052 2712 1152 2759 dicantur
1168 2712 1225 2759 bane

196 2780 202 2797 “
248 2793 336 2847 paenam
342 2788 392 2849 poti
398 2804 407 2833 .·
423 2786 465 2844 Ad
474 2786 588 2841 columnam
599 2790 673 2852 averfi
681 2789 735 2835 alter
750 2786 778 2841 ab
787 2786 987 2851 alteroserpentdstr
998 2787 1050 2853 stent
1060 2788 1155 2853 deligati.
1182 2784 1224 2849 Est

254 2856 318 2904 Strix
340 2862 392 2907 inter
413 2861 526 2909 columnam
543 2860 626 2927 sedens,
646 2863 677 2911 ad
689 2880 753 2931 qnam
762 2860 816 2927 sune
831 2862 925 2925 delegati.
966 2861 1088 2909 Postrema
1111 2872 1224 2923 corrupta

254 2930 318 2989 sunt,
335 2944 367 2995 et,
386 2935 450 2999 qaod
467 2934 580 2997 suspicor,
598 2936 628 2984 ab
651 2936 697 2984 alia
715 2951 787 2983 manu
806 2936 993 2997 adsuta.-—-23
995 2951 1020 2995 5.
1032 2938 1110 2991 Conari
1119 2937 1223 3003 quaedem

253 3032 302 3075 eum
316 3016 363 3080 fiat
384 3016 487 3073 intendere
507 3014 601 3079 vulgg.,
623 3032 710 3081 prave;
734 3028 818 3081 natum
839 3032 867 3063 ex
885 3016 1004 3081 inscendere.
1034 3016 1140 3083 escendere
1158 3020 1223 3083 conj.

256 3090 339 3139 Heins.
375 3094 401 3143 ln
417 3104 514 3156 promtu
525 3104 578 3149 erat
588 3095 755 3161 re'scindercev.
772 3092 821 3153 583
839 3094 897 3147 AEn.
920 3094 954 3139 Vl
974 3103 997 3140 et
1017 3094 1106 3155 Georg.
1125 3094 1144 3150 I,
1164 3092 1221 3145 280.

251 3166 308 3241 Jam
318 3170 358 3233 Jo.
374 3170 527 3238 Schraderae
540 3170 592 3221 cod.
606 3168 672 3217 Vols·
689 3169 789 3233 protulit
801 3169 826 3216 in
838 3168 974 3216 Emendatt.
990 3184 1045 3232 pag.
1061 3181 1100 3229 19,
1116 3168 1142 3215 id
1155 3171 1223 3230 quod

252 3244 336 3308 posui:
356 3248 381 3294 C.
403 3264 449 3297 rum
458 3248 506 3309 stur
524 3246 626 3309 quandam
641 3246 758 3317 rqcinderae.
790 3245 848 3297 Non
866 3244 941 3307 igitur
956 3244 1020 3291 rese
1037 3243 1141 3307 pofitum
1159 3244 1191 3293 eil
1209 3261 1223 3293 e

255 3322 415 3381 trisemanno,
436 3323 549 3387 inscendere
565 3321 613 3386 legi
633 3321 658 3369 in
679 3320 742 3369 Voss.
762 3332 786 3369 et
807 3322 1007 3380 Petav.-236.
1022 3325 1145 3371 tuas-iras
1161 3332 1221 3372 vett.

255 3396 309 3445 edd.
324 3413 378 3461 epm
388 3397 460 3455 Ald.,
476 3396 540 3460 quest
551 3395 594 3455 fit:
609 3416 684 3453 ¹attestor
694 3400 864 3455 iras.·--237.
883 3396 1025 3461 implacabilis
1040 3400 1074 3446 ita
1084 3399 1162 3445 ninas!
1179 3413 1223 3463 per

255 3473 402 3536 parenthefin
414 3489 469 3525 eum
481 3471 652 3529 exclamatione
662 3470 755 3520 dicium
767 3472 816 3533 (De
827 3472 902 3533 Tityo
914 3470 977 3522 cons.
991 3471 1048 3519 ibid.
1058 3475 1128 3537 595.)
1160 3477 1222 3523 Lec-

255 3548 291 3599 tio
308 3548 340 3595 est
352 3548 473 3606 Bembina,
488 3560 513 3597 et
529 3546 611 3612 proba.
646 3548 714 3598 Vett.
728 3547 781 3595 edd.
795 3544 853 3609 (non
868 3563 922 3607 una,
933 3547 998 3611 quod
1010 3548 1094 3611 Scalig.
1107 3549 1220 3616 putabat)

255 3624 287 3674 ste
299 3624 411 3675 efferunt=
428 3630 449 3676 1.
467 3631 501 3674 ira
515 3626 575 3689 jacet
590 3630 660 3675 vivus
670 3627 726 3675 alitis
738 3627 788 3693 esca.
820 3626 980 3673 Entendatum
998 3626 1023 3673 io
1042 3626 1144 3675 Ascenss.
1163 3629 1220 3678 edd.

252 3706 308 3769 pini
318 3704 383 3761 alitis,
396 3703 420 3751 in
431 3704 485 3753 edd.
497 3702 587 3751 Fabric.
599 3707 658 3751 viva
666 3721 687 3755 a.
699 3723 717 3751 e.
749 3702 783 3750 At
798 3702 902 3766 Scaliger
912 3702 967 3749 inde
978 3702 1123 3767 refingebat:
1141 3705 1223 3769 Implo-

251 3779 352 3828 cahilr'bus
364 3780 431 3827 Divis
441 3779 501 3841 jacet
512 3796 530 3823 a.
545 3795 563 3824 e.
574 3776 658 3825 Heins.
673 3781 736 3845 Jure
746 3779 837 3844 inpacati
840 3778 906 3843 fibris
910 3777 970 3839 jacet
981 3778 1039 3823 alitis
1050 3777 1101 3843 esca.
1132 3777 1221 3841 virgil.

252 3854 367 3930 Neefibrjr
377 3856 458 3923 requies
468 3852 587 3901 aaronita
597 3853 804 3913 renatis—238.
825 3855 914 3902 ‘Teneor
925 3854 954 3897 ab
966 3854 1030 3898 tantis
1037 3850 1180 3914 legendum3
1197 3863 1222 3901 et

253 3930 305 3980 edd
323 3929 414 3977 Fabric.
432 3929 493 3977 bene
504 3926 623 3977 exhibent.
655 3928 746 3993 Vulgg.
759 3948 773 3975 a
783 3931 853 3975 tantis.
887 3926 933 3974 Sed
951 3924 1041 3989 pessimi
1053 3930 1132 3989 poietae
1144 3928 1224 3977 versus

251 4008 436 4071 sante-239.
454 4020 509 4065 240.
534 4005 632 4055 Sensum
650 4005 724 4055 velim
742 4016 767 4054 et
788 4003 827 4051 hic
845 4002 992 4067 subjecissent
1014 4000 1061 4049 viri
1081 4000 1155 4061 dotti,
1173 4005 1225 4069 qui,

1107 4092 1225 4144 quantum

287 4258 353 4329 238.
376 4274 441 4334 239.
462 4254 711 4335 Haeconjungen·
758 4276 800 4313 ror
836 4254 905 4311 ultra
935 4253 972 4312 In
1002 4254 1104 4328 diversa
1131 4260 1221 4329 magn.

247 4334 283 4395 cla
294 4334 356 4394 sant
367 4352 431 4409 cam
444 4354 473 4393 v.
492 4352 556 4413 ²57·
570 4353 586 4392 2
589 4337 625 4413 58
639 4358 673 4395 aa
687 4357 711 4393 e·
759 4330 873 4393 Errabat
886 4330 981 4390 umbra
991 4329 1096 4389 Culicis
1105 4329 1225 4466 peplpecrt:
