3225 5200
328 640 334 656 ,
416 570 486 635 124
558 542 598 614 P.
640 539 932 615 v1RG1L11
969 536 1266 617 Mannum

415 730 580 803 Texerat.
631 729 741 801 Hunc
759 730 854 802 bello
869 747 1030 824 repetens
1047 728 1243 823 Gortynius
1254 726 1356 801 heros
1397 787 1400 794 .

413 863 536 935 Attica
550 863 687 935 Cretaea
701 858 875 935 sternebat
889 887 969 935 rura
984 862 1124 959 sagitta.
1318 883 1384 957 115

416 990 485 1062 Sed
496 1015 610 1087 neque
621 1008 706 1061 tunc
723 989 830 1088 cives,⁴
853 1013 966 1085 neque
985 1008 1070 1062 tunc
1083 1015 1145 1063 rex
1158 992 1233 1087 ipse
1249 965 1393 1065 veretur

414 1129 546 1203 Infesto
562 1128 606 1199 ad
622 1149 741 1223 muros
756 1120 940 1195 volitantis
952 1122 1097 1219 agmine
1110 1140 1244 1195 turmas

412 1266 565 1351 Ducere,
590 1280 624 1335 et
638 1261 813 1351 indomita
828 1260 958 1330 virtute
973 1260 1159 1333 retundere
1170 1263 1322 1335 mentis:

414 1391 637 1489 Responsum
653 1388 822 1487 quoniam
839 1387 920 1459 satis
945 1389 994 1461 est
1013 1390 1211 1463 meminiffe
1226 1393 1389 1468 deorum.

414 1530 513 1602 Nam
530 1526 646 1623 capite
662 1550 682 1595 a
699 1522 838 1595 summo
854 1525 958 1620 regie,
983 1523 1144 1597 mirabile
1158 1528 1268 1615 dictu,
1319 1552 1391 1604 120

416 1662 576 1735 Candida
585 1656 760 1739 caesaries3
785 1656 957 1729 florebant
971 1657 1132 1757 tempora
1146 1661 1265 1752 lauro;

414 1858 478 1905 tium
489 1856 531 1915 ait,
544 1856 624 1921 potuit
635 1855 691 1905 alias
711 1854 802 1903 fabulas
812 1857 937 1922 respicere,
953 1849 1011 1923 qnae
1021 1876 1084 1914 nnnc
1096 1859 1241 1923 ignoramus.
1274 1857 1320 1906 Sed
1333 1858 1391 1905 Cer·

410 1935 507 1998 aethium
518 1952 585 1990 mare,
600 1945 723 1996 tamquam
737 1932 843 1979 vicinum
859 1934 945 1991 Creta,
961 1936 1040 2000 posuit
1060 1953 1105 2001 pro
1116 1937 1220 1986 Cretico.
1253 1936 1390 1997 Sequuntur
1457 1940 1461 1951 ⁶

413 2010 514 2063 flumina
527 2010 630 2075 Caeeatea.
661 2010 717 2073 jam
728 2009 754 2055 in
769 2019 828 2057 vett·
847 2008 901 2057 edd
914 2012 1008 2071 Cerarea,
1023 2013 1087 2076 quod
1098 2012 1187 2061 Aldina
1197 2027 1290 2076 quoqne
1311 2010 1389 2073 dedit,

414 2098 440 2137 et
454 2088 552 2135 Cererbea
563 2086 677 2150 scriptum
685 2085 725 2135 est.
759 2084 864 2149 Scaliger
874 2085 899 2133 in
911 2088 991 2151 priore
1001 2090 1059 2137 edit.
1071 2089 1177 2153 legerat:
1206 2088 1391 2151 Carpetlimsu·

411 2167 469 2230 girus
474 2167 560 2229 pelagus
570 2174 589 2211 er
589 2165 681 2229 flumina
695 2164 772 2221 crete,
788 2163 813 2210 in
825 2162 899 2221 altera
910 2180 984 2213 vcro:
1013 2167 1148 2230 Carpathium
1158 2166 1245 2227 fugiens
1266 2174 1285 2209 ei
1296 2164 1390 2227 flumina

416 2243 510 2296 Curetea,
527 2244 611 2287 Graece
622 2239 652 2289 ad
670 2238 788 2287 verbuma
818 2240 941 2304 Kegaee'Se'n
958 2241 1035 2289 arim
1052 2243 1090 2289 eei
1108 2242 1195 2301 νάματι
1208 2237 1317 2304 Reginae,
1333 2255 1389 2287 cum

416 2320 491 2366 Carere
502 2313 627 2379 antiquum
636 2328 724 2362 nomen
737 2314 817 2362 insulae
829 2314 911 2373 luerit,
925 2332 983 2365 mox
1000 2319 1065 2366 Crete.
1098 2318 1202 2365 Videtur
1212 2326 1292 2363 tamen
1303 2314 1388 2378 etipse

414 2408 471 2442 mox
483 2393 507 2439 in
520 2394 627 2441 Caeratea
638 2389 718 2437 animo
728 2388 842 2437 inclinato
853 2390 928 2450 ferri5
954 2392 987 2441 est
998 2395 1063 2442 enim
1079 2394 1165 2442 fluvius
1182 2392 1261 2439 Cretae
1280 2391 1389 2439 Caratua

413 2483 443 2519 ex
450 2465 597 2517 Callimacho
604 2474 674 2511 notus
681 2463 706 2510 in
716 2464 788 2514 Dian.
799 2465 927 2533 4475173133
938 2469 1040 2535 Κύμης
1051 2471 1143 2530 meaa
1152 2467 1219 2530 μέγα.
1227 2464 1339 2513 Alluebat
1347 2463 1397 2512 ille

413 2542 538 2600 cnorum,
546 2540 583 2589 cui
594 2539 647 2587 urbi
656 2555 749 2604 quoque
761 2540 819 2589 olim
830 2542 860 2591 ab
868 2559 897 2591 eo
905 2560 993 2595 nomen
1003 2545 1056 2595 fuit,
1070 2564 1092 2595 u.
1106 2544 1199 2593 Meurs.
1212 2542 1237 2590 in
1247 2543 1318 2591 Creta
1329 2542 1350 2602 1,
1362 2540 1388 2594 8.

413 2635 535 2678 ...114
554 2619 666 2672 Celbinius,
676 2616 792 2664 Corthiriius
803 2629 863 2667 vett.
876 2621 931 2670 edd.
960 2624 1063 2670 Corciniue
1072 2622 1289 2679 Aldinae-115.
1306 2619 1389 2686 sterne·

412 2695 449 2742 bar
460 2695 500 2743 vix
511 2695 601 2742 lanum.
636 2691 718 2740 Heius.
739 2709 786 2741 eni.
804 2696 1164 2758 terrebar.--116.117.118.
1183 2693 1287 2757 Obscura
1303 2692 1391 2744 oratio,

411 2779 446 2828 et,
462 2769 554 2818 lirede
563 2767 652 2832 judico,
664 2779 782 2834 corrupta.
819 2768 907 2819 ‘Turne
918 2775 1025 2821 verteme
1043 2778 1147 2821 edmero:
1163 2771 1233 2834 iey'esto
1244 2773 1323 2834 egerin
1333 2772 1387 2815 Me·

411 2846 521 2918 garensea
532 2841 577 2891 elle
593 2859 640 2892 non
652 2842 755 2907 poliunt,
772 2860 831 2908 ergo
843 2846 968 2897 Cretenses
985 2849 1047 2908 sunt,
1061 2860 1086 2898 et
1104 2850 1134 2896 ad
1142 2847 1239 2896 ‘eosdem
1249 2844 1337 2893 debent
1346 2859 1387 2891 re·

410 2921 469 2970 ferri
478 2931 550 2969 merres
557 2921 652 2966 indomita
663 2923 748 2968 virture.
783 2923 820 2968 lta
830 2938 889 2970 vero
901 2923 1016 2973 claudicat
1027 2924 1143 2974 sententia
1154 2921 1281 2970 verborum
1292 2920 1318 2967 in
1328 2919 1387 2968 reli·

412 2997 474 3064 quia,
489 3006 757 3066 quocunquetevertas.
791 2998 873 3048 Heius.
891 3016 936 3064 pro
955 3003 1037 3050 Ducere
1056 3001 1118 3066 conj.
1139 3002 1230 3056 Reicere,
1246 2997 1312 3045 utin
1332 2995 1385 3043 Ecl-

412 3077 474 3122 Reice
483 3075 570 3139 capellas
580 3090 587 3132 ;
603 3083 644 3119 aut
655 3081 682 3118 ut
690 3071 770 3119 Ducere
778 3073 804 3120 s1t
813 3089 858 3138 pro
866 3075 970 3128 trahere.
1004 3078 1091 3127 Melius
1099 3074 1207 3138 conjiciat
1215 3088 1222 3121 ε
1240 3073 1326 3138 Sssem
1342 3069 1386 3120 nist

410 3162 491 3200 totum
502 3149 581 3197 locum
592 3146 622 3195 fic
632 3145 750 3211 refingat:
769 3147 812 3194 Sed
820 3163 995 3212 neque-veretur
1011 3149 1196 3216 Irffesto-rurnies
1206 3149 1320 3194 Ducentem
1329 3151 1386 3196 indo·

410 3231 551 3276 nitaviriute
567 3225 669 3271 retundere
688 3226 768 3272 mentis.
801 3227 836 3273 Vt
857 3228 972 3275 Ducentem
982 3227 1101 3290 intelligat
1119 3223 1242 3271 Minoam.
1276 3221 1387 3284 Suspicor

410 3306 507 3353 vorsum
518 3301 617 3352 tertium
629 3301 710 3348 Ducere
720 3311 740 3347 er
750 3303 766 3346 i.
779 3320 802 3347 v.
813 3321 835 3352 r.
848 3313 921 3348 mentes
931 3319 944 3349 a
953 3304 1039 3350 seriore
1049 3317 1121 3349 manu
1132 3298 1232 3346 affatum
1241 3294 1294 3344 effe.
1330 3302 1387 3347 voli.

410 3389 464 3431 tanti
474 3403 499 3432 ex
510 3385 590 3448 agmine
598 3384 660 3428 Ven.
669 3377 716 3428 Ed.
730 3378 791 3437 1484
803 3391 827 3427 et
839 3379 896 3427 Ald.
907 3396 962 3427 cum
969 3380 1013 3432 ms.
1020 3378 1087 3426 Balil.
1097 3396 1104 3436 3
1120 3376 1182 3424 unde
1194 3372 1277 3420 Heius.
1289 3383 1384 3426 tentate

410 3475 435 3506 u.
448 3462 548 3508 examine.
581 3457 686 3502 indomitas
707 3473 732 3500 v.
753 3474 774 3501 r·
795 3467 868 3503 mentes
880 3454 1020 3504 emendabat
1030 3449 1201 3502 Lindenbrucll
1217 3459 1241 3497 et
1252 3449 1383 3511 Heinfiu83

409 3533 450 3581 sed
461 3533 506 3579 hoc
516 3542 597 3579 tenue.
627 3528 797 3577 Alcenfiusnoe
804 3541 886 3578 aerem
893 3531 978 3594 accipit
988 3550 1027 3578 non
1036 3541 1103 3589 clear,
1118 3525 1219 3591 negligit
1229 3526 1316 3575 ducere
1331 3539 1384 3576 tur·

410 3625 462 3657 mae
470 3607 541 3656 Nisus
551 3617 596 3654 etc.
632 3606 658 3652 ln
666 3615 738 3651 mentes
750 3605 826 3668 potest
837 3605 910 3653 latere
924 3606 1010 3654 uideri:
1029 3608 1108 3653 Cretas.
1141 3601 1223 3651 Heint
1235 3603 1296 3666 conj.
1310 3606 1384 3653 Mae·

409 3695 579 3744 &mm—119.
597 3683 690 3743 quoniam
701 3683 787 3745 infletis
797 3683 905 3746 menimffi
916 3683 977 3747 conj.
991 3683 1074 3738 Heius.
1099 3686 1142 3747 fas
1159 3682 1186 3748 est
1202 3684 1242 3747 Jo,
1258 3681 1384 3736 Schrader.

409 3755 464 3814 izi.
475 3759 582 3824 florebant
593 3766 683 3820 tempora
694 3758 755 3804 laura
762 3757 787 3804 in
797 3757 877 3806 rnedio
887 3758 1036 3823 interpolita,
1050 3761 1109 3808 dure
1121 3753 1230 3824 quideme
1246 3774 1291 3807 nec
1298 3770 1382 3813 tamen

409 3835 522 3901 scaligeri
534 3829 669 3885 emendatio
688 3833 793 3890 mollior,
809 3833 851 3897 qui
869 3834 1009 3898 conjiciebat
1027 3835 1145 3900 primum:
1176 3835 1267 3880 Candida
1279 3838 1386 3896 cesaries,

401 3915 479 3978 florens
501 3915 609 3974 interprete
629 3911 696 3965 lauro,
712 3908 737 3958 h.
761 3910 910 3969 divinanda,
927 3928 974 3976 qua
987 3928 1056 3976 reget
1074 3910 1179 3960 redimiti
1201 3909 1247 3957 effe
1268 3909 1386 3972 solebant,

407 3989 590 4056 postenautemi
611 3985 636 4032 C.
649 4003 667 4032 c.
677 3985 940 4053 florebattemporelurgr.
973 3987 1055 4038 Heius.
1076 3988 1142 4037 varie
1163 3985 1285 4037 tentabat:
1315 3989 1383 4036 caer.

1286 4073 1378 4134 cesaries

442 4203 503 4287 '116
520 4200 559 4277 sq.
587 4201 639 4258 Sed
659 4200 709 4260 Me
745 4200 830 4293 tenses
843 4218 870 4264 et
918 4207 997 4264 dere:
1022 4207 1122 4288 quippe
1135 4207 1235 4297 capillo
1243 4200 1381 4297 purpureo

407 4275 492 4333 Nisus
502 4279 714 4341 noncunclantur
753 4301 869 4339 rnoroc-
919 4284 1031 4361 (dequo
1045 4305 1070 4343 v.
1085 4285 1123 4341 ad
1151 4303 1173 4343 r.
1188 4287 1274 4360 Cirta]
1288 4287 1380 4346 confisi

407 4371 513 4412 currere
534 4367 561 4409 et
583 4373 671 4412 muros
689 4355 764 4416 urbis
777 4358 869 4420 defen·
917 4373 983 4430 etc„
1001 4360 1045 4420 sed
1058 4361 1117 4421 uid.
1129 4305 1283 4422 iraeneo.
1353 4378 1355 4383 '

1289 4459 1381 4518 ,123.
