3225 5200
351 498 731 579 Puouussmuaa
756 498 1097 577 uEsn‘ers.
1164 510 1212 607 ‚83

224 701 314 770 (tuni
323 703 425 781 Hymen
433 708 556 780 presaga
567 702 634 759 dedit
645 698 766 761 connubia
778 710 860 760 mortis
866 708 897 780 ς)

225 788 307 867 Atque
316 792 385 849 alias
396 789 447 851 alio
456 794 540 868 denset
541 794 621 866 super
629 794 729 869 agmine
740 794 857 849 turmas!

224 876 425 963 Impietatefera
438 881 568 941 vecordem
582 877 703 937 Colchida
714 894 821 936 matrem
887 924 892 933 .

224 968 433 1047 Anxu'astollicitis
445 972 603 1029 meditantem
611 968 722 1029 vulnera
733 974 827 1027 natis?

225 1054 270 1113 An
282 1059 439 1117 Pandionias
448 1060 601 1137 miserandas
609 1058 680 1133 prole
685 1056 811 1135 puellas?

225 1142 344 1216 Quarum
353 1168 407 1203 vox
413 1154 446 1203 cit
452 1146 512 1222 Ityn
523 1161 548 1202 et
568 1146 634 1222 an,
653 1168 698 1224 quo
709 1146 832 1221 quuuieoe
845 1170 891 1205 reu

226 1231 313 1291 Orbus
325 1250 393 1313 epops
405 1252 492 1295 maret
503 1236 615 1293 volucres
624 1244 724 1293 evetius
736 1244 764 1293 in
776 1258 867 1296 ouras.

192 1332 196 1343 '
227 1320 266 1377 At
274 1324 436 1398 dffeordantes
445 1325 554 1383 Cadmeo
557 1330 654 1399 lemine
657 1329 761 1400 fratres

227 1409 297 1485 Jarn
309 1410 449 1471 truculenta
451 1419 548 1491 serunt
558 1415 697 1493 infestaque
705 1413 800 1472 lomina
811 1430 893 1493 corpus

194 1500 197 1513 '
224 1497 303 1556 Alter
314 1501 451 1560 inalterius
458 1524 468 1569 3
479 1504 585 1579 jamque
597 1505 737 1575 aversatur
743 1518 857 1579 uterque,

223 1588 310 1665 Impia
317 1599 435 1666 germani
442 1607 530 1648 manat
541 1590 734 1667 quodsanguine
743 1592 847 1649 dextra.

224 1676 307 1736 Heu!
327 1678 395 1737 heu!
415 1675 785 1755 mutandnsnunquarnlaber!
805 1681 917 1759 Auferor
925 1675 996 1735 ultra

221 1764 259 1822 Iu
270 1767 382 1842 diversa.
420 1766 510 1845 Magis
523 1768 640 1842 dssuntia
653 1765 741 1823 limina
753 1789 823 1825 cerno
830 1789 839 1836 3

224 1856 321 1913 *Laeta
333 1855 403 1913 loca*
414 1856 570 1932 Elyſsamque
581 1877 666 1933 vagor
675 1854 772 1914 delatus
785 1855 956 1919 adumbram.

222 1943 314 2002 Obvia
325 1944 472 2022 Persephone
481 1953 573 2003 comiter
582 1942 694 2002 heroidas
703 1962 793 2023 urguet

222 2034 357 2107 Adversas
362 2038 474 2109 perferre
482 2040 557 2092 vices.
595 2030 815 2107 Alcqiisabomni

223 2120 244 2177 Ι
242 2120 362 2177 nviolata
373 2136 453 2177 vacat
465 2144 535 2185 cura,
553 2123 699 2198 quodsaeva
711 2131 799 2177 mariti

224 2209 428 2283 Ipsasuisfott's
441 2210 539 2265 Admeti
547 2213 608 2282 fota
621 2223 718 2265 morata
730 2212 773 2285 qi.

173 2356 178 2373 ‚
223 2299 288 2357 Eece
298 2298 386 2357 Ithaci
394 2303 481 2377 corque
493 2298 675 2357 ’Lae'niadae'
686 2299 803 2359 lcariotis

222 2387 364 2445 Femineum
376 2396 513 2465 incorrupta
524 2389 618 2445 decus?
637 2404 720 2447 manet
731 2404 755 2447 et
761 2388 852 2467 procul
858 2387 905 2447 ilia

219 2473 312 2537 Turba
313 2483 396 2555 ferox
398 2480 525 2555 juvenum
536 2476 589 2534 telis
602 2480 700 2555 confixo
709 2488 806 2537 mariti.

220 2564 294 2643 Quid
303 2570 393 2642 mfira
405 2565 547 2644 Eurydice!
564 2574 638 2624 tacito
645 2588 748 2626 moerore
756 2567 859 2642 receffit,

221 2657 334 2734 Poneque
346 2661 517 2732 respeiiantem
527 2651 551 2714 et
562 2678 627 2715 nunc
638 2672 722 2716 manet
735 2658 938 2734 Orpheasttm,

220 2743 314 2800 Audax
325 2744 368 2802 ille
377 2746 483 2822 quedem,
502 2753 548 2821 qui
557 2754 638 2802 mitem
652 2744 776 2803 Cerberon
788 2769 898 2824 unquam

223 2832 350 2900 Credidit,
369 2850 415 2890 aut
427 2831 476 2891 ulli
484 2833 555 2891 Ditis
563 2832 805 2908 plarabtteromem

220 2920 274 2980 Nec
282 2927 364 2978 timuit
376 2921 557 3000 Phlegethonta
556 2928 687 3000 furentem
699 2923 843 2982 ardentibus
852 2925 924 2983 urii«

219 3009 275 3067 Nec
286 3013 369 3086 masto
382 3008 466 3066 obtutu
476 3010 534 3066 dira
542 3016 706 3091 etftreugine
718 3033 798 3090 regna

218 3099 375 3179 Drfhffasque
383 3100 461 3155 domos
471 3120 502 3154 ae
509 3093 626 3156 Tartara
635 3108 702 3160 nobie
710 3101 838 3157 tremendo

217 3188 318 3264 Obstta,
339 3185 482 3264 ueefloeiles
494 3187 563 3245 Ditis
565 3191 625 3262 fine
629 3193 717 3268 judice
719 3193 802 3266 sedes,

217 3272 322 3348 Judice‚
336 3278 390 3352 post
403 3291 502 3333 mortem
511 3284 556 3354 qui
564 3286 630 3334 vitae
641 3280 756 3336 vindicat
767 3287 838 3337 abiu.

216 3363 266 3420 Sed
261 3370 373 3441 ftrtuna
375 3370 479 3440 favens
490 3366 607 3424 audacem
612 3371 713 3443 ficerat
723 3366 841 3442 Orphea,

218 3449 286 3524 Jam
300 3453 382 3526 rapidi
379 3454 502 3526 steterant
510 3475 606 3519 amnes,
625 3471 649 3511 et
648 3459 727 3532 spffa
731 3462 854 3534 serarum

216 3539 322 3597 Blanda
331 3545 493 3616 vocesequaot
502 3544 620 3618 inſsderat
632 3567 702 3602 arvo
713 3567 818 3611 cotena3

217 3631 332 3708 Jamque
340 3639 415 3688 imam
427 3635 510 3688 viridi
517 3636 623 3696 radicem
635 3654 762 3698 emoverat
771 3635 829 3694 alta

215 3719 326 3795 Quercus
336 3717 417 3783 humo,
427 3723 586 3799 sequiturque
596 3743 680 3790 comes,
689 3724 821 3802 stivaeque
830 3729 928 3798 sonoros

216 3809 304 3882 Sponte
305 3814 360 3883 sua
373 3825 458 3866 cantus
469 3819 532 3892 rapio
538 3809 601 3868 bant
615 3823 698 3872 cortice
712 3836 813 3874 amaro·

93 3965 94 3972 ἵ
215 3899 338 3956 Labeates
351 3899 445 3977 bijuges
454 3909 528 3961 etiam
537 3905 673 3982 perfidcra
685 3904 760 3962 Luna

93 3979 97 4062 ζ
214 3986 302 4060 Prrffit
314 4010 403 4064 equos3
423 4004 447 4042 et
458 4004 498 4054 tu,
515 4011 649 4061 currentes,
670 3997 792 4073 menstrua
804 4003 890 4074 virgo,

93 4071 95 4122 ἶ
212 4079 343 4134 Auditura
362 4073 445 4152 lyram
458 4083 555 4156 tenussi
561 4091 627 4139 noete
640 4083 740 4142 relceia.

1132 4173 1197 4233 Hoc

244 4268 321 4314 Locus
332 4265 362 4312 de
383 4265 482 4328 Orpheo
494 4267 605 4324 indeuu.
618 4269 664 4334 269
673 4267 717 4338 iq.,
733 4271 774 4320 etti
787 4273 865 4322 alieno
875 4272 929 4322 loto
938 4272 1096 4336 iuterpofituo,
1112 4273 1144 4325 est
1161 4286 1197 4322 ta·

212 4357 267 4392 mon
279 4359 308 4392 cx
319 4341 475 4393 felicioribus.
749 4405 764 4468 f
783 4433 798 4471 ²
