3225 5200
323 575 326 586 .
488 495 917 582 CATALECTA.

246 709 393 785 Flavum
406 725 521 803 prope
538 699 713 795 Thybrim
729 713 764 768 et
780 691 907 766 olentis
922 687 1108 762 nauticum

293 849 449 922 Vocare:
476 843 539 914 ubi
554 835 710 934 adpulsae
726 850 814 905 rates
867 874 873 894 .

245 981 347 1052 Stant
363 979 399 1048 in
416 975 523 1048 vadis·
534 993 641 1044 coeno
655 984 801 1040 retentae
817 961 970 1049 sordido,
1173 978 1193 1028 2
1198 977 1216 1053 ς

298 1113 492 1209 Macraque
508 1111 676 1184 ludlantes
693 1129 793 1200 aqua.

246 1245 372 1341 Neque
383 1247 421 1316 in
436 1227 604 1332 culinim,
629 1258 664 1310 et
680 1240 784 1310 unda
796 1234 1012 1331 compitalia,

299 1377 484 1473 Dapcsquc
501 1376 607 1447 duces
625 1371 802 1443 sordidas:

248 1511 390 1608 Qibus
406 1508 559 1603 repletus
576 1525 616 1577 ut
633 1503 784 1576 salivosrs
799 1502 909 1597 aquis,

299 1643 452 1716 Obesam
468 1642 512 1714 ad
528 1663 676 1713 uxorem
693 1637 795 1723 redis,

249 1782 297 1853 Et
314 1781 496 1852 aestuantes
513 1778 616 1849 dode
633 1775 736 1849 solvis
753 1773 923 1868 pantices,

299 1915 351 1987 Os
368 1913 478 2008 usque
495 1911 620 1982 lambis
638 1910 750 1983 saviis.

252 2047 363 2118 Nunc
381 2042 483 2128 laede,
506 2052 596 2114 nunc
609 2041 740 2128 lacesse,
765 2041 791 2112 fi
813 2038 1006 2135 quidquam
1026 2036 1142 2108 vales!

302 2175 353 2246 Et
370 2196 499 2244 nomen
515 2171 671 2244 adscribo
689 2190 803 2244 tuum.

292 2453 712 2534 24.1aegendumcumouden-
761 2479 797 2514 res
821 2456 888 2512 bene
910 2452 988 2512 dedit
1010 2452 1155 2510 Burmann.
1174 2468 1224 2528 pro

249 2532 360 2612 dorpio,
375 2533 527 2590 Burmanno
537 2552 643 2610 quoque
656 2531 711 2588 sua·
762 2535 838 2591 dacis.

250 2611 342 2678 dente,
371 2610 484 2669 Flavum
501 2626 576 2687 prope
600 2624 624 2665 et
646 2610 714 2683 rhy—
802 2631 848 2687 ²9·
878 2608 1018 2682 Salrbosum
1039 2607 1162 2684 Scaliger
1186 2603 1226 2661 ait

251 2686 315 2744 brim
328 2688 587 2745 teolenresnauticum
598 2690 713 2744 vocare?
762 2688 812 2742 else
838 2686 899 2763 quic
919 2686 967 2742 uid
1011 2685 1094 2741 ustum
1120 2682 1222 2740 reficit:

251 2777 281 2818 ut
293 2765 394 2820 olentes
400 2763 539 2820 nauticum
548 2762 579 2819 srt
590 2783 638 2839 pro
649 2780 713 2817 nau·
765 2762 859 2826 Resle,
877 2708 922 2819 sed
935 2705 1009 2839 quid
1014 2780 1094 2836 porro
1098 2759 1225 2834 stalivatis

251 2838 298 2907 tis,
327 2860 394 2915 quos
418 2840 455 2897 im
476 2839 605 2897 utillimus
631 2840 715 2895 homo
763 2850 833 2917 aquis
845 2839 978 2896 facimus?
1017 2838 1225 2916 Nisrcorrupte-

252 2916 426 2991 praestolator,
444 2860 489 2973 ulai
503 2914 666 2993 appulerint,
687 2929 716 2970 ut
763 2918 788 2971 la
814 2916 842 2972 in
865 2924 934 2994 aquis
952 2917 1026 2980 latet,
1046 2930 1075 2971 ut
1089 2915 1173 2972 sorte:
1196 2930 1224 2971 at

252 3011 349 3049 eorum
369 2992 476 3049 lrbrdnn
501 2992 599 3049 serviat
624 2990 715 3068 (probe
754 2993 873 3067 salrssvoſss
890 3003 968 3068 apris.
988 2990 1096 3047 salivam
1114 3011 1224 3049 moven-

250 3068 287 3125 est
310 3070 410 3127 vitium
428 3069 494 3126 edit.
533 3069 635 3145 Scalig.
663 3086 713 3146 pto
764 3069 848 3136 tibus,
869 3069 995 3144 scriptum
1020 3067 1120 3124 suerit:
1152 3068 1225 3125 accl-

247 3152 356 3222 -prope.)
765 3145 813 3221 pio
833 3148 868 3203 de
892 3144 948 3221 ipsa
969 3142 1060 3201 saliva.
1099 3142 1227 3220 Repletns

292 3244 338 3299 27·
379 3220 532 3299 Exprobrat
562 3219 660 3278 famem
689 3234 717 3277 et
766 3222 800 3278 iis
811 3220 896 3299 epulis
908 3235 937 3276 ut
956 3219 1136 3294 (quomodoll
1159 3220 1229 3277 redis

252 3302 405 3375 egeslatem,
445 3319 497 3373 qua
528 3302 634 3355 coastus
660 3297 717 3355 adit
767 3298 851 3355 saliva
876 3297 1024 3353 etiamnum
1046 3313 1081 3351 ex
1104 3296 1228 3353 recorda-

254 3376 360 3443 culinas,
392 3376 419 3431 b.
443 3376 502 3431 loca
525 3375 553 3431 in
572 3374 717 3442 suburbiis,
767 3375 841 3432 tione
853 3372 989 3430 affluente!

256 3451 286 3508 in
311 3452 407 3528 quibus
434 3450 545 3527 inopnm
569 3450 661 3507 funera
691 3467 718 3506 et
808 3471 853 3525 3¹·
878 3460 988 3525 partim
1008 3448 1043 3503 de
1063 3448 1138 3507 fartis
1156 3450 1229 3509 acci-

256 3531 342 3604 epulae
370 3526 494 3583 funebres
533 3526 717 3584 habebantur:
769 3529 846 3607 pium
860 3525 978 3603 Scaliger
990 3538 1017 3581 et
1029 3525 1093 3584 binc
1105 3527 1164 3597 alii;
1178 3547 1228 3585 nee

256 3620 314 3660 tum
327 3610 440 3678 compita,
455 3603 590 3678 inquibus
607 3603 719 3661 Laribus
770 3606 850 3671 male,
870 3623 931 3661 cum
948 3607 1080 3678 ‹estuantes
1094 3608 1231 3681 appellen·

258 3681 458 3757 Compitalibus
478 3695 504 3734 et
530 3678 637 3755 quidem
660 3679 718 3756 ipso
768 3699 829 3739 tur:
887 3696 916 3738 nt
949 3678 1093 3737 sarcimioa
1118 3680 1232 3736 distenta

257 3757 455 3832 Compitalium
486 3754 532 3811 die
563 3757 660 3817 necesse
683 3757 719 3813 est
769 3758 857 3834 rumpi
909 3757 1060 3815 videantur.
1122 3755 1230 3831 Proprie

256 3834 358 3911 apponi
394 3831 485 3888 solitas
515 3830 591 3888 soille
619 3834 721 3907 epulas,
771 3838 891 3910 pantices
910 3833 969 3889 sunt
983 3833 1116 3898 intestina,
1135 3831 1233 3906 quibus

257 3932 322 3985 quas
336 3928 463 3987 pauperes
487 3927 549 3963 mox
562 3906 664 3964 auferre
679 3907 721 3965 so·
771 3912 805 3967 ad
818 3909 907 3967 edulia
921 3909 988 3964 sarta
1002 3908 1041 3971 nti
1055 3908 1147 3964 solent.

255 3988 357 4043 lebant.
412 3984 481 4040 Rem
520 4000 608 4041 tamen
634 3984 721 4041 aliun·
812 4006 857 4059 32.
879 3983 1232 4060 legendum2bauddubie,

256 4066 292 4119 de
311 4063 473 4120 declaratam
504 4062 622 4118 nondum
652 4060 720 4118 vidi.
771 4082 832 4118 cum
845 4059 1151 4118 Burmannosecnndum
1164 4063 1232 4119 Col·

259 4138 369 4197 Fadium
412 4137 504 4213 itaque
535 4138 609 4195 idem
646 4138 720 4213 quod
771 4140 844 4194 vium
857 4140 890 4194 ad
907 4136 1014 4211 Apulei.
1028 4136 1134 4216 Olusque
1145 4138 1235 4195 larnbr'r

254 4215 287 4273 io
308 4236 387 4273 coena
404 4212 528 4273 Hecates.
568 4236 594 4273 v.
610 4223 655 4274 28·
676 4216 721 4271 du·
760 4218 875 4290 sua-ciis,
895 4214 921 4270 h.
934 4212 1022 4269 labiis.

1115 4310 1158 4368 35·
1181 4290 1232 4345 no
1318 4352 1324 4361 .
