3225 5200
103 882 115 1070 l

545 835 559 870 V

376 1027 1115 1149 PROOEMIUM

434 1309 515 1394 IN
563 1300 1043 1396 CATALECTA.

590 1630 883 1644 ww

254 1736 504 1887 Marmar-:ar
525 1815 713 1904 Cataledia,
732 1819 785 1889 vel
800 1818 1015 1902 Cataleolon,
1030 1815 1102 1886 scil.
1120 1814 1226 1886 libel-

250 1940 337 2026 lum,
361 1936 529 2031 scripsrffe
556 1961 627 2010 non
662 1940 769 2010 modo
798 1940 1025 2010 librariorum·
1056 1939 1137 2023 fide,
1161 1938 1224 2030 qui

252 2060 396 2157 Virgilii
413 2047 549 2130 nomini
566 2063 666 2155 plura
676 2062 887 2156 adscripsere
898 2081 1040 2146 temere,
1054 2061 1225 2154 quoniam

254 2182 300 2260 ad
317 2183 451 2263 calcem
470 2183 633 2268 codicum
651 2186 792 2281 Virgilii
809 2186 990 2280 po'e'matia
1013 2185 1121 2264 modo
1145 2186 1223 2254 haec

255 2310 362 2382 modo
378 2309 446 2393 illa,
472 2327 575 2404 prout
588 2311 752 2406 spatium,
777 2313 874 2407 quod
891 2311 1046 2396 vacabat,
1071 2326 1223 2403 caperer,
1345 2371 1348 2376 .

248 2433 387 2530 appista
403 2432 589 2517 videbant3
616 2459 738 2506 verum
752 2453 785 2505 et
798 2434 1123 2507 Grammaticorum
1137 2455 1222 2502 auc-

246 2557 385 2630 toritate
409 2557 656 2653 pervulgatum
684 2559 742 2644 est,
781 2555 1038 2629 Pseudodonati
1069 2555 1104 2625 in
1137 2555 1219 2625 Vita

248 2679 498 2778 virginiam,
524 2678 759 2751 Pseudoservii
788 2682 833 2751 ad
863 2680 947 2751 AEn.
971 2681 1059 2773 lpr.
1112 2678 1219 2762 Nam,

246 2823 409 2876 neutrum
436 2804 557 2875 locum
582 2802 626 2873 ab
655 2805 800 2897 antiquo
820 2804 938 2898 aliquo
970 2800 1217 2872 Grammatico

246 2926 445 3029 profestum
476 2925 552 3015 effe,
592 2926 704 3006 multa
737 2926 918 2996 manifeste
951 2927 1128 3019 produnt:
1171 2942 1216 3007 cr,

245 3074 353 3145 quam
370 3047 455 3119 levis
479 3048 666 3118 hominum
695 3049 780 3119 fides
801 3050 855 3135 srt,
881 3048 987 3118 etiam
1005 3050 1070 3119 hoc
1088 3050 1215 3142 arguit,

243 3176 337 3272 quod
363 3174 430 3244 alia
456 3172 636 3269 poEmatia
658 3173 810 3269 Virgilio
840 3173 1009 3257 tribuunt,
1033 3197 1114 3266 quae
1140 3172 1214 3266 ejus

243 3325 312 3371 non
340 3298 405 3369 effe
439 3297 575 3393 liquido
607 3296 750 3367 constat.
828 3295 923 3371 Nam
963 3295 1080 3388 priore
1112 3296 1211 3365 loco:
1322 3342 1325 3347 -

246 3425 400 3496 Pailicara
415 3445 498 3519 puer
512 3424 701 3514 auspicatus,
727 3426 759 3491 in
777 3395 1098 3519 Bastar-'Deinde
1115 3421 1213 3491 Cala-
1294 3400 1298 3411 ⁸

243 3550 339 3619 lerion
356 3562 386 3618 et
404 3545 577 3629 Marciam,
601 3558 633 3615 rt
662 3544 828 3641 Priapeia,
853 3562 884 3618 et
911 3546 1152 3639 Epigrammata
1180 3558 1212 3615 et

243 3670 348 3740 Diras
363 3682 394 3738 et
413 3667 559 3750 Calicem,
585 3691 651 3737 cam
667 3669 736 3759 affer
752 3692 898 3738 armorum
914 3668 1095 3760 quindecim.
1144 3666 1211 3734 Al-

240 3812 314 3865 tero
328 3810 468 3863 autem:
495 3790 627 3884 Scripstt
643 3807 746 3861 autem
754 3793 874 3886 sepiem
887 3788 952 3876 five
963 3790 1129 3856 moliaris
1140 3789 1210 3856 aas:

242 3920 393 4003 Cirimm,
434 3918 582 4000 AEtnam,
625 3915 770 3999 Calicem,
813 3915 978 4004 Priapeia,
1003 3912 1209 3998 Catalraion,

239 4043 493 4137 Epigrammata,
522 4042 646 4131 Capra,
665 4037 779 4137 Diras.
833 4035 897 4104 Sed
908 4036 1049 4128 gravior
1060 4038 1211 4109 aurstori-

239 4182 289 4235 tas
303 4160 452 4233 Ausonii
470 4160 518 4229 est
535 4158 848 4254 Technopaegnio:
876 4156 943 4229 Dia
958 4160 1211 4260 qaidsgrrisiarat

238 4288 391 4357 caralaaa
409 4284 581 4353 Maronis?
610 4280 657 4351 cf.
675 4280 737 4351 inf.
758 4279 883 4375 Epigr.
897 4280 945 4353 Il.

735 4424 811 4475 ma
1170 4408 1213 4479 In
