3225 5200
372 544 425 618 94
554 454 557 468 Κ
652 500 1073 583 PROOEMIUM

372 740 418 791 ne
447 706 713 813 pronuntiarent
745 704 811 777 esse
838 704 989 775 summa.
1040 693 1163 769 Po'e'tae
1189 692 1353 765 Maronis

372 840 558 938 ingenium
590 816 778 932 agnoscere
811 828 903 901 mihi
925 824 1050 899 videor
1078 820 1187 894 etiam
1211 817 1248 890 in
1270 818 1353 925 lroc,
1457 812 1459 815 ’

371 964 479 1061 quod,
504 963 587 1033 cum
602 970 851 1054 argumentum
869 952 937 1023 hoc
962 950 1007 1021 ab
1032 946 1110 1020 aliis
1129 940 1245 1039 poitis
1269 939 1354 1011 esset

372 1086 635 1183 pertraslatum,
660 1082 790 1153 relislis
806 1078 866 1149 ille
884 1077 940 1161 iis,
964 1097 1046 1171 quae
1073 1072 1119 1143 ab
1147 1069 1228 1140 aliis
1255 1092 1353 1165 prae·

327 1222 331 1231 ⁴
371 1228 473 1307 repta
490 1228 597 1296 erant,
622 1208 805 1305 ingenium
824 1200 998 1299 applicuit
1013 1197 1243 1280 omandisiis,
1267 1218 1351 1293 quae

371 1336 418 1407 ab
433 1334 511 1405 aliis
527 1332 688 1405 nondum
705 1330 813 1401 essent
827 1342 1011 1421 occupata.
1062 1320 1118 1392 lta
1134 1320 1224 1391 sorte
1239 1340 1351 1390 excu-

371 1458 437 1537 sari
451 1462 579 1557 potest,
603 1454 787 1553 quod-ille
803 1456 852 1541 id,
875 1451 971 1549 quod
989 1450 1170 1521 summum
1192 1446 1243 1517 rei
1269 1462 1351 1515 mo·

372 1600 549 1667 mentum,
567 1578 640 1675 ipsa
655 1581 750 1668 ἀκμὴ,
775 1593 859 1661 erat,
883 1574 1111 1647 resectionem
1127 1590 1255 1664 comae,
1271 1597 1352 1647 ver.

371 1706 422 1777 bo
452 1702 627 1800 exposuit,
678 1716 714 1771 et
753 1720 836 1769 vero
877 1720 922 1768 ne
969 1696 1079 1767 verbo
1109 1698 1256 1793 quidem
1293 1715 1350 1769 at-

372 1826 458 1923 tigit
505 1852 556 1911 ea,
596 1848 675 1920 quae
714 1821 893 1894 resedam.
938 1818 1017 1892 Nisr
1056 1844 1200 1893 comam
1232 1821 1351 1896 subse.

372 1972 484 2051 quuta
515 1951 605 2039 sunt,
656 1950 770 2021 donec
817 1944 1070 2017 abstraheretur
1105 1942 1220 2040 Scylla
1268 1948 1352 2021 navi

372 2076 525 2180 alligata.
576 2071 821 2169 Expedabam
837 2071 874 2141 in
890 2070 1012 2165 primo
1029 2069 1164 2142 Minois
1178 2071 1350 2167 conspec.

371 2217 424 2287 tu,
448 2201 486 2271 in
509 2186 672 2293 pattio‘ne
698 2218 783 2267 cum
801 2218 844 2264 eo
858 2192 1053 2281 sancienda,
1078 2193 1115 2265 in
1140 2220 1244 2269 coma
1270 2195 1350 2268 Nisr

371 2322 571 2407 resecanda,
595 2318 773 2405 tradenda,
797 2336 834 2387 et
850 2317 919 2388 fide
932 2315 1068 2395 Minois
1088 2341 1132 2390 ex
1145 2320 1350 2393 conditione

307 2434 311 2445 '
370 2440 541 2537 pastionis
551 2441 734 2535 exigenda,
757 2436 904 2539 po'c'tam
914 2442 1097 2532 disertum,
1121 2442 1303 2538 copiosum
1313 2464 1350 2520 et

369 2580 546 2636 ornatum.
579 2562 647 2638 Vix
664 2545 1002 2657 verboniemoravit
1018 2565 1097 2639 haec
1113 2568 1247 2643 omnia.
1284 2572 1350 2645 Vi.

372 2688 424 2759 tio
434 2689 501 2758 hoc
516 2684 750 2759 factumdices
758 2723 767 2770 ;
784 2684 994 2784 nifijudicio
1006 2689 1060 2760 illi
1073 2689 1244 2766 subtiliori
1258 2698 1348 2774 illud

369 2811 545 2884 tribueris.
597 2811 805 2884 Levioribus
816 2813 981 2909 equidem
993 2822 1209 2914 argumentis
1222 2847 1350 2896 accen-

373 2937 456 3012 sebo
470 2961 576 3008 omne
593 2937 694 3024 illud,
719 2937 865 3035 quod'a
885 2941 1044 3035 repetitis
1069 2960 1122 3013 tot
1145 2944 1348 3043 Virgilianis

373 3060 528 3132 versibus
561 3059 716 3146 ducitur,
751 3058 821 3131 five
852 3079 904 3133 ut·
931 3062 1015 3134 hinc
1050 3065 1197 3162 colligas
1229 3070 1348 3166 ipsum

373 3179 563 3254 Maronem
604 3181 675 3260 slve
709 3199 750 3254 ut
784 3183 896 3254 alium
928 3186 1109 3258 auctorem
1147 3188 1247 3260 fuisse
1278 3193 1350 3264 sla.

373 3322 463 3380 tuas.
531 3306 602 3378 Vix
642 3305 740 3378 enim
780 3307 887 3378 firmo
926 3306 1038 3381 fundo
1077 3309 1206 3382 nititur
1240 3317 1379 3411 argu.'

373 3445 548 3513 mentum,
586 3451 658 3523 quo
693 3425 849 3522 Scaliger
879 3427 959 3499 usus
986 3428 1046 3515 est,
1080 3455 1165 3502 cum
1191 3433 1348 3511 dicereta

373 3548 553 3619 auslorem
581 3549 746 3620 carminis
768 3567 808 3620 ut
831 3549 898 3620 esse
926 3547 1121 3646 Virgilium
1150 3555 1350 3646 credamus,

373 3675 477 3746 hanc·
508 3697 614 3746 unam
658 3671 833 3744 rationem
873 3671 1025 3761 vincere,
1065 3677 1182 3749 versus
1222 3648 1350 3756 crebro

374 3799 433 3870 hic
469 3777 637 3894 repetitos
652 3797 683 3883 *ζ
725 3795 787 3892 qui
820 3795 943 3892 paffim
978 3798 1017 3870 in
1053 3799 1206 3874 AEneide
1228 3820 1276 3879 et
1307 3803 1347 3903 ip

374 3920 562 4020 Georgicis
599 3937 703 4017 atque
741 3921 781 3998 in
815 3921 992 3998 Bucolicis
1033 3922 1209 4024 leguntur.
1275 3927 1348 3999 At-

1283 4069 1346 4144 qui

413 4239 431 4273 l
451 4240 587 4320 Apposuit
596 4261 641 4302 eos
653 4244 698 4320 Jo.
713 4245 856 4306 Schrader.
867 4244 1058 4306 Emendatiou.
1069 4264 1097 4323 p·
1112 4264 1147 4322 33
1161 4243 1209 4328 sq·-
