<?xml version="1.0" encoding="UTF-8"?>
<!DOCTYPE html PUBLIC "-//W3C//DTD XHTML 1.0 Transitional//EN"
    "http://www.w3.org/TR/xhtml1/DTD/xhtml1-transitional.dtd">
<html xmlns="http://www.w3.org/1999/xhtml" xml:lang="en" lang="en">
 <head>
  <title>
</title>
<meta http-equiv="Content-Type" content="text/html;charset=utf-8" />
  <meta name='ocr-system' content='tesseract 3.04.00' />
  <meta name='ocr-capabilities' content='ocr_page ocr_carea ocr_par ocr_line ocrx_word'/>
</head>
<body>
  <div class='ocr_page' id='page_1' title='image "./operavarietatel02virggoog_0113.png"; bbox 0 0 3225 5200; ppageno 0'>
   <div class='ocr_carea' id='block_1_1' title="bbox 351 498 1196 591">
    <p class='ocr_par' dir='ltr' id='par_1_1' title="bbox 351 498 1196 591">
     <span class='ocr_line' id='line_1_1' title="bbox 351 498 1196 591; baseline -0.008 -2"><span class='ocrx_word' id='word_1_1' title='bbox 351 536 417 591; x_wconf 82' lang='lat' dir='ltr'>rra</span> <span class='ocrx_word' id='word_1_2' title='bbox 491 506 532 586; x_wconf 87' lang='lat' dir='ltr'>P.</span> <span class='ocrx_word' id='word_1_3' title='bbox 560 502 856 585; x_wconf 88' lang='lat' dir='ltr'>VIRGILII</span> <span class='ocrx_word' id='word_1_4' title='bbox 891 498 1196 585; x_wconf 76' lang='lat' dir='ltr'>MARONIS</span> 
     </span>
    </p>
   </div>
   <div class='ocr_carea' id='block_1_2' title="bbox 347 705 1207 1083">
    <p class='ocr_par' dir='ltr' id='par_1_2' title="bbox 347 705 1207 1083">
     <span class='ocr_line' id='line_1_2' title="bbox 348 705 1207 809; baseline -0.008 -22"><span class='ocrx_word' id='word_1_5' title='bbox 348 714 431 787; x_wconf 86' lang='lat' dir='ltr'>Tali</span> <span class='ocrx_word' id='word_1_6' title='bbox 447 730 482 785; x_wconf 88' lang='lat' dir='ltr'>te</span> <span class='ocrx_word' id='word_1_7' title='bbox 498 712 639 797; x_wconf 85' lang='lat' dir='ltr'>vellem,</span> <span class='ocrx_word' id='word_1_8' title='bbox 653 709 830 809; x_wconf 89' lang='lat' dir='ltr'>juvenum</span> <span class='ocrx_word' id='word_1_9' title='bbox 847 709 1054 798; x_wconf 72' lang='lat' dir='ltr'>doslissime,</span> <span class='ocrx_word' id='word_1_10' title='bbox 1069 709 1144 781; x_wconf 88' lang='lat' dir='ltr'>ritu</span> <span class='ocrx_word' id='word_1_11' title='bbox 1203 705 1207 710; x_wconf 67' lang='grc'><strong>’</strong></span> 
     </span>
     <span class='ocr_line' id='line_1_3' title="bbox 347 848 1125 953; baseline -0.018 -20"><span class='ocrx_word' id='word_1_12' title='bbox 347 858 545 953; x_wconf 89' lang='lat' dir='ltr'>Purpureos</span> <span class='ocrx_word' id='word_1_13' title='bbox 561 852 653 923; x_wconf 86' lang='lat' dir='ltr'>iuter</span> <span class='ocrx_word' id='word_1_14' title='bbox 670 853 766 933; x_wconf 68' lang='lat' dir='ltr'>soles</span> <span class='ocrx_word' id='word_1_15' title='bbox 786 869 822 923; x_wconf 90' lang='lat' dir='ltr'>et</span> <span class='ocrx_word' id='word_1_16' title='bbox 837 848 987 921; x_wconf 86' lang='lat' dir='ltr'>candida</span> <span class='ocrx_word' id='word_1_17' title='bbox 1009 848 1125 921; x_wconf 83' lang='lat' dir='ltr'>Lunae</span> 
     </span>
     <span class='ocr_line' id='line_1_4' title="bbox 347 983 1108 1083; baseline -0.02 -16"><span class='ocrx_word' id='word_1_18' title='bbox 347 996 480 1080; x_wconf 86' lang='lat' dir='ltr'>Sidera,</span> <span class='ocrx_word' id='word_1_19' title='bbox 496 988 654 1064; x_wconf 82' lang='lat' dir='ltr'>caeruleis</span> <span class='ocrx_word' id='word_1_20' title='bbox 671 988 796 1059; x_wconf 88' lang='lat' dir='ltr'>orbem</span> <span class='ocrx_word' id='word_1_21' title='bbox 813 984 985 1083; x_wconf 84' lang='lat' dir='ltr'>pulsantia</span> <span class='ocrx_word' id='word_1_22' title='bbox 999 983 1108 1080; x_wconf 87' lang='lat' dir='ltr'>bigis,</span> 
     </span>
    </p>
   </div>
   <div class='ocr_carea' id='block_1_3' title="bbox 348 1116 1336 1633">
    <p class='ocr_par' dir='ltr' id='par_1_3' title="bbox 348 1116 1336 1633">
     <span class='ocr_line' id='line_1_5' title="bbox 348 1116 1134 1219; baseline -0.022 -13"><span class='ocrx_word' id='word_1_23' title='bbox 348 1133 499 1207; x_wconf 83' lang='lat' dir='ltr'>Naturae</span> <span class='ocrx_word' id='word_1_24' title='bbox 516 1148 631 1199; x_wconf 87' lang='lat' dir='ltr'>rerum</span> <span class='ocrx_word' id='word_1_25' title='bbox 649 1122 789 1219; x_wconf 82' lang='lat' dir='ltr'>magnis</span> <span class='ocrx_word' id='word_1_26' title='bbox 806 1124 964 1193; x_wconf 83' lang='lat' dir='ltr'>intexere</span> <span class='ocrx_word' id='word_1_27' title='bbox 979 1116 1109 1189; x_wconf 85' lang='lat' dir='ltr'>chartis</span> <span class='ocrx_word' id='word_1_28' title='bbox 1123 1143 1134 1189; x_wconf 75' lang='lat' dir='ltr'>a</span> 
     </span>
     <span class='ocr_line' id='line_1_6' title="bbox 350 1254 1335 1362; baseline -0.012 -20"><span class='ocrx_word' id='word_1_29' title='bbox 350 1268 540 1344; x_wconf 84' lang='lat' dir='ltr'>AEtemum</span> <span class='ocrx_word' id='word_1_30' title='bbox 556 1260 700 1358; x_wconf 85' lang='lat' dir='ltr'>Sophiae</span> <span class='ocrx_word' id='word_1_31' title='bbox 716 1256 948 1355; x_wconf 72' lang='lat' dir='ltr'>conjunelum</span> <span class='ocrx_word' id='word_1_32' title='bbox 965 1254 1124 1362; x_wconf 76' lang='lat' dir='ltr'>carmine</span> <span class='ocrx_word' id='word_1_33' title='bbox 1139 1266 1270 1327; x_wconf 78' lang='lat' dir='ltr'>nomen</span> <span class='ocrx_word' id='word_1_34' title='bbox 1282 1272 1335 1351; x_wconf 86' lang='lat'>40</span> 
     </span>
     <span class='ocr_line' id='line_1_7' title="bbox 351 1388 1264 1487; baseline -0.02 -10"><span class='ocrx_word' id='word_1_35' title='bbox 351 1402 482 1477; x_wconf 88' lang='lat' dir='ltr'>Nostra</span> <span class='ocrx_word' id='word_1_36' title='bbox 496 1418 598 1471; x_wconf 90' lang='lat' dir='ltr'>tuum</span> <span class='ocrx_word' id='word_1_37' title='bbox 616 1394 756 1467; x_wconf 87' lang='lat' dir='ltr'>senibus</span> <span class='ocrx_word' id='word_1_38' title='bbox 775 1394 979 1487; x_wconf 84' lang='lat' dir='ltr'>loqueretur</span> <span class='ocrx_word' id='word_1_39' title='bbox 992 1389 1124 1485; x_wconf 85' lang='lat' dir='ltr'>pagina</span> <span class='ocrx_word' id='word_1_40' title='bbox 1139 1388 1264 1461; x_wconf 84' lang='lat' dir='ltr'>saeelis.</span> 
     </span>
     <span class='ocr_line' id='line_1_8' title="bbox 352 1522 1336 1633; baseline -0.016 -21"><span class='ocrx_word' id='word_1_41' title='bbox 352 1537 421 1611; x_wconf 86' lang='lat' dir='ltr'>Sed</span> <span class='ocrx_word' id='word_1_42' title='bbox 445 1533 617 1633; x_wconf 88' lang='lat' dir='ltr'>quoniam</span> <span class='ocrx_word' id='word_1_43' title='bbox 640 1530 685 1601; x_wconf 91' lang='lat' dir='ltr'>ad</span> <span class='ocrx_word' id='word_1_44' title='bbox 710 1544 825 1598; x_wconf 74' lang='lat' dir='ltr'>tantas</span> <span class='ocrx_word' id='word_1_45' title='bbox 850 1547 946 1597; x_wconf 86' lang='lat' dir='ltr'>nunc</span> <span class='ocrx_word' id='word_1_46' title='bbox 972 1522 1134 1618; x_wconf 89' lang='lat' dir='ltr'>primum</span> <span class='ocrx_word' id='word_1_47' title='bbox 1154 1522 1336 1597; x_wconf 80' lang='lat' dir='ltr'>nascimur</span> 
     </span>
    </p>
   </div>
   <div class='ocr_carea' id='block_1_4' title="bbox 354 1685 1344 2441">
    <p class='ocr_par' dir='ltr' id='par_1_4' title="bbox 354 1685 1344 2441">
     <span class='ocr_line' id='line_1_9' title="bbox 497 1685 608 1749; baseline -0.036 -8"><span class='ocrx_word' id='word_1_48' title='bbox 497 1685 608 1749; x_wconf 63' lang='lat' dir='ltr'>artess</span> 
     </span>
     <span class='ocr_line' id='line_1_10' title="bbox 354 1780 1344 1899; baseline -0.009 -20"><span class='ocrx_word' id='word_1_49' title='bbox 354 1804 468 1879; x_wconf 87' lang='lat' dir='ltr'>Nunc</span> <span class='ocrx_word' id='word_1_50' title='bbox 478 1795 640 1899; x_wconf 88' lang='lat' dir='ltr'>primum</span> <span class='ocrx_word' id='word_1_51' title='bbox 657 1792 794 1871; x_wconf 68' lang='lat' dir='ltr'>&#39;teneros</span> <span class='ocrx_word' id='word_1_52' title='bbox 811 1780 995 1870; x_wconf 75' lang='lat' dir='ltr'>firmamus</span> <span class='ocrx_word' id='word_1_53' title='bbox 1011 1783 1299 1871; x_wconf 70' lang='lat' dir='ltr'>robore&#39;n&#39;ervosa</span> <span class='ocrx_word' id='word_1_54' title='bbox 1339 1796 1344 1806; x_wconf 83' lang='grc'><strong>’</strong></span> 
     </span>
     <span class='ocr_line' id='line_1_11' title="bbox 354 1930 1334 2029; baseline -0.007 -16"><span class='ocrx_word' id='word_1_55' title='bbox 354 1940 450 2014; x_wconf 86' lang='lat' dir='ltr'>Haec</span> <span class='ocrx_word' id='word_1_56' title='bbox 468 1956 586 2015; x_wconf 88' lang='lat' dir='ltr'>tamen</span> <span class='ocrx_word' id='word_1_57' title='bbox 604 1936 747 2021; x_wconf 87' lang='lat' dir='ltr'>interea,</span> <span class='ocrx_word' id='word_1_58' title='bbox 760 1956 843 2029; x_wconf 89' lang='lat' dir='ltr'>quae</span> <span class='ocrx_word' id='word_1_59' title='bbox 860 1930 1052 2029; x_wconf 83' lang='lat' dir='ltr'>possumus,</span> <span class='ocrx_word' id='word_1_60' title='bbox 1069 1931 1106 2001; x_wconf 92' lang='lat' dir='ltr'>in</span> <span class='ocrx_word' id='word_1_61' title='bbox 1122 1934 1251 2028; x_wconf 92' lang='lat' dir='ltr'>quibus</span> <span class='ocrx_word' id='word_1_62' title='bbox 1264 1935 1334 2006; x_wconf 89' lang='lat' dir='ltr'>aevi</span> 
     </span>
     <span class='ocr_line' id='line_1_12' title="bbox 354 2067 1334 2167; baseline -0.012 -17"><span class='ocrx_word' id='word_1_63' title='bbox 354 2076 476 2167; x_wconf 71' lang='lat' dir='ltr'>PrIma</span> <span class='ocrx_word' id='word_1_64' title='bbox 492 2073 693 2146; x_wconf 89' lang='lat' dir='ltr'>rudimenta</span> <span class='ocrx_word' id='word_1_65' title='bbox 707 2086 742 2141; x_wconf 88' lang='lat' dir='ltr'>et</span> <span class='ocrx_word' id='word_1_66' title='bbox 759 2069 893 2166; x_wconf 90' lang='lat' dir='ltr'>primos</span> <span class='ocrx_word' id='word_1_67' title='bbox 910 2067 1093 2163; x_wconf 86' lang='lat' dir='ltr'>exegimus</span> <span class='ocrx_word' id='word_1_68' title='bbox 1110 2090 1229 2156; x_wconf 88' lang='lat' dir='ltr'>annos,</span> <span class='ocrx_word' id='word_1_69' title='bbox 1287 2082 1334 2165; x_wconf 71' lang='lat'>45</span> 
     </span>
     <span class='ocr_line' id='line_1_13' title="bbox 356 2201 1196 2305; baseline -0.011 -21"><span class='ocrx_word' id='word_1_70' title='bbox 356 2210 498 2305; x_wconf 84' lang='lat' dir='ltr'>Adcipe</span> <span class='ocrx_word' id='word_1_71' title='bbox 513 2201 617 2294; x_wconf 87' lang='lat' dir='ltr'>dona,</span> <span class='ocrx_word' id='word_1_72' title='bbox 634 2228 715 2277; x_wconf 88' lang='lat' dir='ltr'>meo</span> <span class='ocrx_word' id='word_1_73' title='bbox 732 2203 886 2274; x_wconf 91' lang='lat' dir='ltr'>multum</span> <span class='ocrx_word' id='word_1_74' title='bbox 903 2201 1048 2299; x_wconf 86' lang='lat' dir='ltr'>vigilata</span> <span class='ocrx_word' id='word_1_75' title='bbox 1063 2202 1196 2291; x_wconf 88' lang='lat' dir='ltr'>labore,</span> 
     </span>
     <span class='ocr_line' id='line_1_14' title="bbox 357 2336 1223 2441; baseline -0.01 -23"><span class='ocrx_word' id='word_1_76' title='bbox 357 2342 408 2419; x_wconf 91' lang='lat' dir='ltr'>Et</span> <span class='ocrx_word' id='word_1_77' title='bbox 424 2338 603 2441; x_wconf 62' lang='lat' dir='ltr'>praemissa</span> <span class='ocrx_word' id='word_1_78' title='bbox 619 2339 688 2409; x_wconf 88' lang='lat' dir='ltr'>tuis</span> <span class='ocrx_word' id='word_1_79' title='bbox 704 2360 773 2407; x_wconf 91' lang='lat' dir='ltr'>non</span> <span class='ocrx_word' id='word_1_80' title='bbox 793 2360 923 2433; x_wconf 87' lang='lat' dir='ltr'>magna</span> <span class='ocrx_word' id='word_1_81' title='bbox 939 2336 1084 2412; x_wconf 86' lang='lat' dir='ltr'>exordia</span> <span class='ocrx_word' id='word_1_82' title='bbox 1098 2337 1223 2410; x_wconf 78' lang='lat' dir='ltr'>rebusr</span> 
     </span>
    </p>
   </div>
   <div class='ocr_carea' id='block_1_5' title="bbox 358 2493 1343 3182">
    <p class='ocr_par' dir='ltr' id='par_1_5' title="bbox 358 2493 1343 3182">
     <span class='ocr_line' id='line_1_15' title="bbox 392 2493 1339 2571; baseline 0 -15"><span class='ocrx_word' id='word_1_83' title='bbox 392 2506 434 2569; x_wconf 84' lang='lat'>38.</span> <span class='ocrx_word' id='word_1_84' title='bbox 450 2506 512 2571; x_wconf 76' lang='lat' dir='ltr'>bigis.</span> <span class='ocrx_word' id='word_1_85' title='bbox 546 2495 583 2553; x_wconf 83' lang='lat' dir='ltr'>lta</span> <span class='ocrx_word' id='word_1_86' title='bbox 601 2504 673 2553; x_wconf 85' lang='lat' dir='ltr'>video</span> <span class='ocrx_word' id='word_1_87' title='bbox 689 2503 797 2569; x_wconf 86' lang='lat' dir='ltr'>primum</span> <span class='ocrx_word' id='word_1_88' title='bbox 816 2504 909 2554; x_wconf 85' lang='lat' dir='ltr'>editum</span> <span class='ocrx_word' id='word_1_89' title='bbox 925 2505 951 2554; x_wconf 89' lang='lat' dir='ltr'>in</span> <span class='ocrx_word' id='word_1_90' title='bbox 971 2506 1028 2556; x_wconf 80' lang='lat' dir='ltr'>Ald.</span> <span class='ocrx_word' id='word_1_91' title='bbox 1061 2499 1097 2556; x_wconf 72' lang='lat' dir='ltr'>At</span> <span class='ocrx_word' id='word_1_92' title='bbox 1116 2518 1209 2558; x_wconf 79' lang='lat' dir='ltr'>veteres</span> <span class='ocrx_word' id='word_1_93' title='bbox 1226 2493 1292 2566; x_wconf 70' lang='lat' dir='ltr'>edd„</span> <span class='ocrx_word' id='word_1_94' title='bbox 1309 2513 1339 2557; x_wconf 80' lang='lat' dir='ltr'>ot</span> 
     </span>
     <span class='ocr_line' id='line_1_16' title="bbox 358 2573 1338 2654; baseline 0.002 -20"><span class='ocrx_word' id='word_1_95' title='bbox 358 2586 421 2635; x_wconf 83' lang='lat' dir='ltr'>Veu.</span> <span class='ocrx_word' id='word_1_96' title='bbox 437 2583 499 2642; x_wconf 77' lang='lat'>148⁴</span> <span class='ocrx_word' id='word_1_97' title='bbox 511 2592 534 2630; x_wconf 89' lang='lat' dir='ltr'>et</span> <span class='ocrx_word' id='word_1_98' title='bbox 545 2573 607 2640; x_wconf 75' lang='lat' dir='ltr'>alise,</span> <span class='ocrx_word' id='word_1_99' title='bbox 618 2595 673 2630; x_wconf 87' lang='lat' dir='ltr'>cum</span> <span class='ocrx_word' id='word_1_100' title='bbox 683 2580 725 2654; x_wconf 83' lang='lat' dir='ltr'>ms.</span> <span class='ocrx_word' id='word_1_101' title='bbox 739 2580 809 2630; x_wconf 86' lang='lat' dir='ltr'>Basrl.</span> <span class='ocrx_word' id='word_1_102' title='bbox 817 2582 895 2648; x_wconf 67' lang='lat' dir='ltr'>figeris,</span> <span class='ocrx_word' id='word_1_103' title='bbox 905 2600 1040 2648; x_wconf 79' lang='lat' dir='ltr'>perperam.</span> <span class='ocrx_word' id='word_1_104' title='bbox 1075 2578 1188 2636; x_wconf 73' lang='lat' dir='ltr'>Bar-thius</span> <span class='ocrx_word' id='word_1_105' title='bbox 1196 2601 1225 2636; x_wconf 81' lang='lat' dir='ltr'>ex</span> <span class='ocrx_word' id='word_1_106' title='bbox 1235 2594 1285 2634; x_wconf 82' lang='lat' dir='ltr'>vet.</span> <span class='ocrx_word' id='word_1_107' title='bbox 1296 2582 1338 2636; x_wconf 73' lang='lat' dir='ltr'>ed·</span> 
     </span>
     <span class='ocr_line' id='line_1_17' title="bbox 359 2657 1339 2728; baseline -0.002 -16"><span class='ocrx_word' id='word_1_108' title='bbox 359 2661 401 2713; x_wconf 79' lang='lat' dir='ltr'>sua</span> <span class='ocrx_word' id='word_1_109' title='bbox 412 2660 501 2709; x_wconf 66' lang='lat' dir='ltr'>Loens.</span> <span class='ocrx_word' id='word_1_110' title='bbox 514 2661 571 2708; x_wconf 86' lang='lat' dir='ltr'>VIII</span> <span class='ocrx_word' id='word_1_111' title='bbox 583 2657 706 2723; x_wconf 79' lang='lat' dir='ltr'>Epiphyll.</span> <span class='ocrx_word' id='word_1_112' title='bbox 721 2673 753 2716; x_wconf 81' lang='lat'>24</span> <span class='ocrx_word' id='word_1_113' title='bbox 771 2657 853 2707; x_wconf 84' lang='lat' dir='ltr'>laudat</span> <span class='ocrx_word' id='word_1_114' title='bbox 864 2675 901 2724; x_wconf 91' lang='lat' dir='ltr'>pr.</span> <span class='ocrx_word' id='word_1_115' title='bbox 917 2661 975 2709; x_wconf 88' lang='lat' dir='ltr'>edit.</span> <span class='ocrx_word' id='word_1_116' title='bbox 986 2662 1062 2728; x_wconf 73' lang='lat' dir='ltr'>suuis,</span> <span class='ocrx_word' id='word_1_117' title='bbox 1078 2672 1103 2710; x_wconf 82' lang='lat' dir='ltr'>et</span> <span class='ocrx_word' id='word_1_118' title='bbox 1118 2661 1175 2712; x_wconf 83' lang='lat' dir='ltr'>inde</span> <span class='ocrx_word' id='word_1_119' title='bbox 1192 2661 1339 2726; x_wconf 56' lang='lat' dir='ltr'>conjauro.</span> 
     </span>
     <span class='ocr_line' id='line_1_18' title="bbox 359 2733 1339 2800; baseline -0.003 -12"><span class='ocrx_word' id='word_1_120' title='bbox 359 2736 431 2788; x_wconf 77' lang='lat' dir='ltr'>Nihil</span> <span class='ocrx_word' id='word_1_121' title='bbox 452 2737 484 2786; x_wconf 90' lang='lat' dir='ltr'>est</span> <span class='ocrx_word' id='word_1_122' title='bbox 499 2735 568 2784; x_wconf 81' lang='lat' dir='ltr'>facile</span> <span class='ocrx_word' id='word_1_123' title='bbox 579 2747 629 2784; x_wconf 85' lang='lat' dir='ltr'>tam</span> <span class='ocrx_word' id='word_1_124' title='bbox 649 2733 784 2792; x_wconf 85' lang='lat' dir='ltr'>absurdum.</span> <span class='ocrx_word' id='word_1_125' title='bbox 803 2737 868 2800; x_wconf 89' lang='lat' dir='ltr'>quod</span> <span class='ocrx_word' id='word_1_126' title='bbox 886 2751 935 2785; x_wconf 87' lang='lat' dir='ltr'>non</span> <span class='ocrx_word' id='word_1_127' title='bbox 956 2737 1047 2786; x_wconf 82' lang='lat' dir='ltr'>Critico</span> <span class='ocrx_word' id='word_1_128' title='bbox 1064 2737 1091 2785; x_wconf 92' lang='lat' dir='ltr'>in</span> <span class='ocrx_word' id='word_1_129' title='bbox 1106 2750 1214 2788; x_wconf 84' lang='lat' dir='ltr'>mentem</span> <span class='ocrx_word' id='word_1_130' title='bbox 1233 2736 1339 2786; x_wconf 81' lang='lat' dir='ltr'>venerit.</span> 
     </span>
     <span class='ocr_line' id='line_1_19' title="bbox 360 2812 1337 2879; baseline -0.001 -17"><span class='ocrx_word' id='word_1_131' title='bbox 360 2827 467 2870; x_wconf 85' lang='lat'>-40.</span> <span class='ocrx_word' id='word_1_132' title='bbox 482 2815 600 2862; x_wconf 77' lang='lat' dir='ltr'>AErernum</span> <span class='ocrx_word' id='word_1_133' title='bbox 611 2826 636 2861; x_wconf 79' lang='lat' dir='ltr'>ut</span> <span class='ocrx_word' id='word_1_134' title='bbox 650 2813 736 2879; x_wconf 81' lang='lat' dir='ltr'>Sophiae</span> <span class='ocrx_word' id='word_1_135' title='bbox 755 2813 843 2862; x_wconf 60' lang='lat' dir='ltr'>Losns.</span> <span class='ocrx_word' id='word_1_136' title='bbox 864 2812 882 2863; x_wconf 93' lang='lat' dir='ltr'>I.</span> <span class='ocrx_word' id='word_1_137' title='bbox 900 2830 921 2861; x_wconf 89' lang='lat' dir='ltr'>c.</span> <span class='ocrx_word' id='word_1_138' title='bbox 940 2829 954 2862; x_wconf 88' lang='lat' dir='ltr'>e</span> <span class='ocrx_word' id='word_1_139' title='bbox 970 2825 1020 2863; x_wconf 80' lang='lat' dir='ltr'>vet.¹</span> <span class='ocrx_word' id='word_1_140' title='bbox 1039 2813 1115 2874; x_wconf 89' lang='lat' dir='ltr'>edit.;</span> <span class='ocrx_word' id='word_1_141' title='bbox 1130 2813 1199 2878; x_wconf 80' lang='lat' dir='ltr'>poffis</span> <span class='ocrx_word' id='word_1_142' title='bbox 1208 2830 1304 2879; x_wconf 85' lang='lat' dir='ltr'>quoque</span> <span class='ocrx_word' id='word_1_143' title='bbox 1315 2826 1337 2862; x_wconf 77' lang='lat' dir='ltr'>ee</span> 
     </span>
     <span class='ocr_line' id='line_1_20' title="bbox 361 2881 1339 2954; baseline -0.002 -16"><span class='ocrx_word' id='word_1_144' title='bbox 361 2887 450 2953; x_wconf 84' lang='lat' dir='ltr'>legere.</span> <span class='ocrx_word' id='word_1_145' title='bbox 483 2887 568 2936; x_wconf 80' lang='lat' dir='ltr'>Heius.</span> <span class='ocrx_word' id='word_1_146' title='bbox 591 2903 639 2936; x_wconf 88' lang='lat' dir='ltr'>em.</span> <span class='ocrx_word' id='word_1_147' title='bbox 661 2881 756 2938; x_wconf 70' lang='lat' dir='ltr'>Ererno</span> <span class='ocrx_word' id='word_1_148' title='bbox 778 2888 818 2937; x_wconf 84' lang='lat' dir='ltr'>vel</span> <span class='ocrx_word' id='word_1_149' title='bbox 839 2890 937 2947; x_wconf 68' lang='lat' dir='ltr'>Alterura,</span> <span class='ocrx_word' id='word_1_150' title='bbox 957 2889 1022 2954; x_wconf 90' lang='lat' dir='ltr'>quod</span> <span class='ocrx_word' id='word_1_151' title='bbox 1041 2903 1090 2936; x_wconf 87' lang='lat' dir='ltr'>noo</span> <span class='ocrx_word' id='word_1_152' title='bbox 1108 2889 1292 2953; x_wconf 71' lang='lat' dir='ltr'>capim—43.</span> <span class='ocrx_word' id='word_1_153' title='bbox 1317 2886 1339 2936; x_wconf 80' lang='lat' dir='ltr'>s.</span> 
     </span>
     <span class='ocr_line' id='line_1_21' title="bbox 362 2959 1341 3032; baseline -0.001 -18"><span class='ocrx_word' id='word_1_154' title='bbox 362 2961 429 3016; x_wconf 72' lang='lat' dir='ltr'>Nunc</span> <span class='ocrx_word' id='word_1_155' title='bbox 440 2965 533 3031; x_wconf 60' lang='lat' dir='ltr'>prbrum</span> <span class='ocrx_word' id='word_1_156' title='bbox 545 2973 568 3012; x_wconf 85' lang='lat' dir='ltr'>et</span> <span class='ocrx_word' id='word_1_157' title='bbox 583 2977 602 3011; x_wconf 82' lang='lat' dir='ltr'>r.</span> <span class='ocrx_word' id='word_1_158' title='bbox 617 2963 700 3012; x_wconf 88' lang='lat' dir='ltr'>Heius.</span> <span class='ocrx_word' id='word_1_159' title='bbox 717 2959 784 3014; x_wconf 83' lang='lat' dir='ltr'>Nunc</span> <span class='ocrx_word' id='word_1_160' title='bbox 796 2968 898 3030; x_wconf 74' lang='lat' dir='ltr'>primum,</span> <span class='ocrx_word' id='word_1_161' title='bbox 910 2965 950 3013; x_wconf 82' lang='lat' dir='ltr'>vel</span> <span class='ocrx_word' id='word_1_162' title='bbox 961 2969 1038 3032; x_wconf 72' lang='lat' dir='ltr'>priano,</span> <span class='ocrx_word' id='word_1_163' title='bbox 1047 2967 1198 3027; x_wconf 72' lang='lat' dir='ltr'>bon-45.</span> <span class='ocrx_word' id='word_1_164' title='bbox 1215 2981 1237 3016; x_wconf 77' lang='lat' dir='ltr'>ee</span> <span class='ocrx_word' id='word_1_165' title='bbox 1246 2965 1341 3029; x_wconf 64' lang='lat' dir='ltr'>iuvem</span> 
     </span>
     <span class='ocr_line' id='line_1_22' title="bbox 359 3037 1343 3106; baseline 0.001 -17"><span class='ocrx_word' id='word_1_166' title='bbox 359 3046 465 3106; x_wconf 77' lang='lat' dir='ltr'>exegr&#39;mus</span> <span class='ocrx_word' id='word_1_167' title='bbox 483 3056 547 3088; x_wconf 79' lang='lat' dir='ltr'>annos</span> <span class='ocrx_word' id='word_1_168' title='bbox 564 3037 621 3087; x_wconf 84' lang='lat' dir='ltr'>Ald.</span> <span class='ocrx_word' id='word_1_169' title='bbox 656 3039 739 3103; x_wconf 87' lang='lat' dir='ltr'>Sicque</span> <span class='ocrx_word' id='word_1_170' title='bbox 751 3040 793 3090; x_wconf 89' lang='lat' dir='ltr'>ms.</span> <span class='ocrx_word' id='word_1_171' title='bbox 807 3039 922 3098; x_wconf 71' lang='lat' dir='ltr'>H‘clmll„</span> <span class='ocrx_word' id='word_1_172' title='bbox 938 3039 1025 3106; x_wconf 87' lang='lat' dir='ltr'>probat</span> <span class='ocrx_word' id='word_1_173' title='bbox 1036 3038 1121 3090; x_wconf 85' lang='lat' dir='ltr'>Burm.</span> <span class='ocrx_word' id='word_1_174' title='bbox 1142 3041 1173 3088; x_wconf 86' lang='lat' dir='ltr'>ad</span> <span class='ocrx_word' id='word_1_175' title='bbox 1184 3041 1343 3100; x_wconf 64' lang='lat' dir='ltr'>Samiramim,</span> 
     </span>
     <span class='ocr_line' id='line_1_23' title="bbox 359 3113 1341 3182; baseline -0.001 -15"><span class='ocrx_word' id='word_1_176' title='bbox 359 3113 519 3180; x_wconf 74' lang='lat' dir='ltr'>renuenteJo.</span> <span class='ocrx_word' id='word_1_177' title='bbox 528 3114 660 3162; x_wconf 82' lang='lat' dir='ltr'>Schradero</span> <span class='ocrx_word' id='word_1_178' title='bbox 674 3115 811 3166; x_wconf 75' lang='lat' dir='ltr'>Emendate.</span> <span class='ocrx_word' id='word_1_179' title='bbox 824 3131 881 3182; x_wconf 85' lang='lat' dir='ltr'>pag.</span> <span class='ocrx_word' id='word_1_180' title='bbox 888 3130 1033 3177; x_wconf 76' lang='lat'>45.—47.</span> <span class='ocrx_word' id='word_1_181' title='bbox 1041 3116 1141 3182; x_wconf 62' lang='grc' dir='ltr'>μανψ</span> <span class='ocrx_word' id='word_1_182' title='bbox 1149 3117 1197 3164; x_wconf 86' lang='lat' dir='ltr'>edd</span> <span class='ocrx_word' id='word_1_183' title='bbox 1216 3129 1290 3177; x_wconf 68' lang='lat' dir='ltr'>vete,</span> <span class='ocrx_word' id='word_1_184' title='bbox 1311 3126 1341 3167; x_wconf 85' lang='lat' dir='ltr'>ut</span> 
     </span>
    </p>
   </div>
   <div class='ocr_carea' id='block_1_6' title="bbox 248 3189 1275 3262">
    <p class='ocr_par' dir='ltr' id='par_1_6' title="bbox 248 3189 1275 3262">
     <span class='ocr_line' id='line_1_24' title="bbox 248 3189 1275 3262; baseline -0.003 -17"><span class='ocrx_word' id='word_1_185' title='bbox 248 3244 252 3250; x_wconf 87' lang='grc'><strong>,</strong></span> <span class='ocrx_word' id='word_1_186' title='bbox 359 3191 509 3251; x_wconf 79' lang='lat' dir='ltr'>Ven.1484.</span> <span class='ocrx_word' id='word_1_187' title='bbox 542 3189 698 3240; x_wconf 83' lang='lat' dir='ltr'>Emendatius</span> <span class='ocrx_word' id='word_1_188' title='bbox 712 3196 821 3262; x_wconf 69' lang='lat' dir='ltr'>praemffr</span> <span class='ocrx_word' id='word_1_189' title='bbox 833 3192 899 3242; x_wconf 84' lang='lat' dir='ltr'>dedit</span> <span class='ocrx_word' id='word_1_190' title='bbox 915 3192 1014 3242; x_wconf 86' lang='lat' dir='ltr'>Aldina.</span> <span class='ocrx_word' id='word_1_191' title='bbox 1041 3195 1139 3260; x_wconf 63' lang='grc' dir='ltr'>μαψ</span> <span class='ocrx_word' id='word_1_192' title='bbox 1149 3192 1275 3242; x_wconf 70' lang='lat' dir='ltr'>munau</span> 
     </span>
    </p>
   </div>
   <div class='ocr_carea' id='block_1_7' title="bbox 320 3327 1349 4478">
    <p class='ocr_par' dir='ltr' id='par_1_7' title="bbox 361 3327 1344 3489">
     <span class='ocr_line' id='line_1_25' title="bbox 361 3327 1344 3411; baseline -0.001 -19"><span class='ocrx_word' id='word_1_193' title='bbox 361 3335 420 3392; x_wconf 73' lang='lat' dir='ltr'>fler.</span> <span class='ocrx_word' id='word_1_194' title='bbox 435 3348 456 3392; x_wconf 81' lang='lat' dir='ltr'>t.</span> <span class='ocrx_word' id='word_1_195' title='bbox 467 3331 508 3393; x_wconf 86' lang='lat' dir='ltr'>V.</span> <span class='ocrx_word' id='word_1_196' title='bbox 525 3331 578 3410; x_wconf 89' lang='lat' dir='ltr'>(cs.</span> <span class='ocrx_word' id='word_1_197' title='bbox 592 3327 749 3390; x_wconf 84' lang='lat' dir='ltr'>Comment.</span> <span class='ocrx_word' id='word_1_198' title='bbox 761 3332 825 3390; x_wconf 88' lang='lat' dir='ltr'><strong>Soc.</strong></span> <span class='ocrx_word' id='word_1_199' title='bbox 870 3349 1011 3411; x_wconf 69' lang='lat' dir='ltr'>purpureus</span> <span class='ocrx_word' id='word_1_200' title='bbox 1022 3351 1072 3410; x_wconf 87' lang='lat' dir='ltr'>pro</span> <span class='ocrx_word' id='word_1_201' title='bbox 1081 3330 1203 3409; x_wconf 83' lang='lat' dir='ltr'>pulcher,</span> <span class='ocrx_word' id='word_1_202' title='bbox 1216 3327 1344 3407; x_wconf 76' lang='lat' dir='ltr'>frequens</span> 
     </span>
     <span class='ocr_line' id='line_1_26' title="bbox 362 3407 973 3489; baseline 0.002 -23"><span class='ocrx_word' id='word_1_203' title='bbox 362 3410 492 3486; x_wconf 78' lang='lat' dir='ltr'>Gotting.</span> <span class='ocrx_word' id='word_1_204' title='bbox 515 3411 553 3466; x_wconf 78' lang='lat' dir='ltr'>T.</span> <span class='ocrx_word' id='word_1_205' title='bbox 567 3407 623 3476; x_wconf 90' lang='lat' dir='ltr'>lv,</span> <span class='ocrx_word' id='word_1_206' title='bbox 637 3407 666 3466; x_wconf 88' lang='lat' dir='ltr'>P.</span> <span class='ocrx_word' id='word_1_207' title='bbox 681 3409 722 3476; x_wconf 89' lang='lat' dir='ltr'>II,</span> <span class='ocrx_word' id='word_1_208' title='bbox 735 3429 765 3486; x_wconf 90' lang='lat' dir='ltr'>p.</span> <span class='ocrx_word' id='word_1_209' title='bbox 780 3413 826 3467; x_wconf 79' lang='lat'>82.</span> <span class='ocrx_word' id='word_1_210' title='bbox 874 3407 973 3489; x_wconf 73' lang='lat' dir='ltr'>poetis.</span> 
     </span>
    </p>

    <p class='ocr_par' dir='ltr' id='par_1_8' title="bbox 361 3481 1344 3793">
     <span class='ocr_line' id='line_1_27' title="bbox 363 3481 1344 3562; baseline -0.004 -16"><span class='ocrx_word' id='word_1_211' title='bbox 363 3493 400 3562; x_wconf 84' lang='lat'>83</span> <span class='ocrx_word' id='word_1_212' title='bbox 415 3492 484 3558; x_wconf 82' lang='lat' dir='ltr'>not.)</span> <span class='ocrx_word' id='word_1_213' title='bbox 512 3485 642 3543; x_wconf 69' lang='lat' dir='ltr'>Emathias</span> <span class='ocrx_word' id='word_1_214' title='bbox 654 3501 756 3554; x_wconf 78' lang='lat' dir='ltr'>vertex,</span> <span class='ocrx_word' id='word_1_215' title='bbox 780 3485 829 3543; x_wconf 86' lang='lat' dir='ltr'>Pe·</span> <span class='ocrx_word' id='word_1_216' title='bbox 913 3506 961 3560; x_wconf 90' lang='lat'>40.</span> <span class='ocrx_word' id='word_1_217' title='bbox 983 3504 1030 3559; x_wconf 86' lang='lat'>4¹·</span> <span class='ocrx_word' id='word_1_218' title='bbox 1050 3481 1163 3542; x_wconf 88' lang='lat' dir='ltr'>Nomen</span> <span class='ocrx_word' id='word_1_219' title='bbox 1175 3499 1264 3552; x_wconf 90' lang='lat' dir='ltr'>tuum,</span> <span class='ocrx_word' id='word_1_220' title='bbox 1277 3495 1344 3543; x_wconf 82' lang='lat' dir='ltr'>con·</span> 
     </span>
     <span class='ocr_line' id='line_1_28' title="bbox 361 3560 1344 3639; baseline -0.002 -17"><span class='ocrx_word' id='word_1_221' title='bbox 361 3564 420 3622; x_wconf 88' lang='lat' dir='ltr'>lion</span> <span class='ocrx_word' id='word_1_222' title='bbox 440 3563 490 3619; x_wconf 87' lang='lat' dir='ltr'>esse</span> <span class='ocrx_word' id='word_1_223' title='bbox 514 3561 607 3629; x_wconf 85' lang='lat' dir='ltr'>debet,</span> <span class='ocrx_word' id='word_1_224' title='bbox 632 3561 753 3638; x_wconf 88' lang='lat' dir='ltr'>Olympo</span> <span class='ocrx_word' id='word_1_225' title='bbox 767 3562 793 3617; x_wconf 88' lang='lat' dir='ltr'>b.</span> <span class='ocrx_word' id='word_1_226' title='bbox 808 3562 827 3618; x_wconf 92' lang='lat' dir='ltr'>l.</span> <span class='ocrx_word' id='word_1_227' title='bbox 873 3564 996 3639; x_wconf 70' lang='lat' dir='ltr'>junllum</span> <span class='ocrx_word' id='word_1_228' title='bbox 1020 3560 1126 3636; x_wconf 82' lang='lat' dir='ltr'>Sophiae</span> <span class='ocrx_word' id='word_1_229' title='bbox 1151 3562 1271 3622; x_wconf 82' lang='lat' dir='ltr'>carmine</span> <span class='ocrx_word' id='word_1_230' title='bbox 1301 3561 1344 3636; x_wconf 79' lang='lat' dir='ltr'>(h.</span> 
     </span>
     <span class='ocr_line' id='line_1_29' title="bbox 362 3635 1343 3717; baseline -0.003 -18"><span class='ocrx_word' id='word_1_231' title='bbox 362 3638 512 3717; x_wconf 76' lang='lat' dir='ltr'>impolitus,</span> <span class='ocrx_word' id='word_1_232' title='bbox 532 3654 562 3696; x_wconf 93' lang='lat' dir='ltr'>ut</span> <span class='ocrx_word' id='word_1_233' title='bbox 572 3640 627 3695; x_wconf 88' lang='lat' dir='ltr'>Ge.</span> <span class='ocrx_word' id='word_1_234' title='bbox 641 3637 666 3706; x_wconf 89' lang='lat'>1,</span> <span class='ocrx_word' id='word_1_235' title='bbox 681 3643 733 3697; x_wconf 84' lang='lat'>281</span> <span class='ocrx_word' id='word_1_236' title='bbox 747 3637 827 3695; x_wconf 78' lang='lat' dir='ltr'><strong>Offae.</strong></span> <span class='ocrx_word' id='word_1_237' title='bbox 876 3635 984 3696; x_wconf 89' lang='lat' dir='ltr'>nomini</span> <span class='ocrx_word' id='word_1_238' title='bbox 1007 3635 1117 3714; x_wconf 77' lang='lat' dir='ltr'>Sophias</span> <span class='ocrx_word' id='word_1_239' title='bbox 1142 3638 1172 3696; x_wconf 88' lang='lat' dir='ltr'>in</span> <span class='ocrx_word' id='word_1_240' title='bbox 1196 3638 1343 3712; x_wconf 83' lang='lat' dir='ltr'>carmine),</span> 
     </span>
     <span class='ocr_line' id='line_1_30' title="bbox 404 3713 1342 3793; baseline 0.001 -21"><span class='ocrx_word' id='word_1_241' title='bbox 404 3716 449 3791; x_wconf 86' lang='lat'>36.</span> <span class='ocrx_word' id='word_1_242' title='bbox 471 3714 535 3774; x_wconf 69' lang='lat' dir='ltr'>Tali</span> <span class='ocrx_word' id='word_1_243' title='bbox 547 3725 608 3780; x_wconf 84' lang='lat' dir='ltr'>ritu,</span> <span class='ocrx_word' id='word_1_244' title='bbox 629 3714 682 3772; x_wconf 90' lang='lat' dir='ltr'>hoc</span> <span class='ocrx_word' id='word_1_245' title='bbox 695 3714 777 3772; x_wconf 91' lang='lat' dir='ltr'>modo</span> <span class='ocrx_word' id='word_1_246' title='bbox 790 3713 830 3770; x_wconf 87' lang='lat' dir='ltr'>ait</span> <span class='ocrx_word' id='word_1_247' title='bbox 876 3713 974 3792; x_wconf 87' lang='lat' dir='ltr'>pagina</span> <span class='ocrx_word' id='word_1_248' title='bbox 992 3716 1079 3774; x_wconf 83' lang='lat' dir='ltr'>nostra</span> <span class='ocrx_word' id='word_1_249' title='bbox 1090 3715 1247 3793; x_wconf 87' lang='lat' dir='ltr'>loqueretur</span> <span class='ocrx_word' id='word_1_250' title='bbox 1266 3728 1342 3774; x_wconf 79' lang='lat' dir='ltr'>aeret‘·</span> 
     </span>
    </p>

    <p class='ocr_par' dir='ltr' id='par_1_9' title="bbox 320 3788 1349 4478">
     <span class='ocr_line' id='line_1_31' title="bbox 363 3788 1294 3868; baseline -0.002 -16"><span class='ocrx_word' id='word_1_251' title='bbox 363 3788 458 3852; x_wconf 75' lang='lat' dir='ltr'>ousion</span> <span class='ocrx_word' id='word_1_252' title='bbox 470 3792 538 3850; x_wconf 84' lang='lat' dir='ltr'>velle</span> <span class='ocrx_word' id='word_1_253' title='bbox 560 3794 597 3858; x_wconf 85' lang='lat' dir='ltr'>se,</span> <span class='ocrx_word' id='word_1_254' title='bbox 627 3806 763 3868; x_wconf 83' lang='lat' dir='ltr'>tamquam</span> <span class='ocrx_word' id='word_1_255' title='bbox 780 3809 829 3867; x_wconf 89' lang='lat' dir='ltr'>pe·</span> <span class='ocrx_word' id='word_1_256' title='bbox 877 3810 941 3848; x_wconf 90' lang='lat' dir='ltr'>num</span> <span class='ocrx_word' id='word_1_257' title='bbox 953 3790 1038 3850; x_wconf 85' lang='lat' dir='ltr'>saeclis</span> <span class='ocrx_word' id='word_1_258' title='bbox 1049 3791 1167 3862; x_wconf 86' lang='lat' dir='ltr'>senibus,</span> <span class='ocrx_word' id='word_1_259' title='bbox 1179 3796 1207 3851; x_wconf 88' lang='lat' dir='ltr'>b.</span> <span class='ocrx_word' id='word_1_260' title='bbox 1221 3791 1294 3850; x_wconf 81' lang='lat' dir='ltr'>seris.</span> 
     </span>
     <span class='ocr_line' id='line_1_32' title="bbox 382 3866 1342 3941; baseline 0.002 -15"><span class='ocrx_word' id='word_1_261' title='bbox 382 3872 451 3935; x_wconf 89' lang='lat' dir='ltr'>lum,</span> <span class='ocrx_word' id='word_1_262' title='bbox 470 3887 577 3926; x_wconf 87' lang='lat' dir='ltr'>carmen</span> <span class='ocrx_word' id='word_1_263' title='bbox 589 3868 624 3925; x_wconf 89' lang='lat' dir='ltr'>de</span> <span class='ocrx_word' id='word_1_264' title='bbox 636 3887 722 3926; x_wconf 86' lang='lat' dir='ltr'>rerum</span> <span class='ocrx_word' id='word_1_265' title='bbox 735 3883 831 3925; x_wconf 87' lang='lat' dir='ltr'>natura</span> <span class='ocrx_word' id='word_1_266' title='bbox 917 3887 965 3941; x_wconf 81' lang='lat'>4²·</span> <span class='ocrx_word' id='word_1_267' title='bbox 984 3872 1022 3928; x_wconf 85' lang='lat' dir='ltr'>ad</span> <span class='ocrx_word' id='word_1_268' title='bbox 1030 3885 1116 3928; x_wconf 80' lang='lat' dir='ltr'>tantas</span> <span class='ocrx_word' id='word_1_269' title='bbox 1128 3885 1217 3929; x_wconf 81' lang='lat' dir='ltr'>artes:</span> <span class='ocrx_word' id='word_1_270' title='bbox 1237 3866 1342 3928; x_wconf 83' lang='lat' dir='ltr'>nonde</span> 
     </span>
     <span class='ocr_line' id='line_1_33' title="bbox 362 3889 1345 4024; baseline -0.003 -19"><span class='ocrx_word' id='word_1_271' title='bbox 362 3889 480 4005; x_wconf 73' lang='lat' dir='ltr'>icribere</span> <span class='ocrx_word' id='word_1_272' title='bbox 501 3945 580 4022; x_wconf 86' lang='lat' dir='ltr'>eique</span> <span class='ocrx_word' id='word_1_273' title='bbox 593 3945 710 4002; x_wconf 87' lang='lat' dir='ltr'>MeIIalae</span> <span class='ocrx_word' id='word_1_274' title='bbox 731 3963 831 4002; x_wconf 86' lang='lat' dir='ltr'>nomen</span> <span class='ocrx_word' id='word_1_275' title='bbox 877 3945 998 4024; x_wconf 70' lang='lat' dir='ltr'>politica,</span> <span class='ocrx_word' id='word_1_276' title='bbox 1017 3961 1048 4004; x_wconf 92' lang='lat' dir='ltr'>ut</span> <span class='ocrx_word' id='word_1_277' title='bbox 1067 3960 1205 4024; x_wconf 83' lang='lat' dir='ltr'>perperam</span> <span class='ocrx_word' id='word_1_278' title='bbox 1222 3946 1279 4024; x_wconf 87' lang='lat' dir='ltr'>post</span> <span class='ocrx_word' id='word_1_279' title='bbox 1293 3967 1345 4003; x_wconf 82' lang='lat' dir='ltr'>cae-</span> 
     </span>
     <span class='ocr_line' id='line_1_34' title="bbox 364 4021 1346 4100; baseline 0 -18"><span class='ocrx_word' id='word_1_280' title='bbox 364 4024 494 4082; x_wconf 81' lang='lat' dir='ltr'>intexere.</span> <span class='ocrx_word' id='word_1_281' title='bbox 535 4040 581 4096; x_wconf 82' lang='lat'>37.</span> <span class='ocrx_word' id='word_1_282' title='bbox 597 4025 643 4094; x_wconf 88' lang='lat'>38.</span> <span class='ocrx_word' id='word_1_283' title='bbox 665 4021 753 4092; x_wconf 80' lang='lat' dir='ltr'>Luna,</span> <span class='ocrx_word' id='word_1_284' title='bbox 771 4041 833 4098; x_wconf 80' lang='lat' dir='ltr'>quae</span> <span class='ocrx_word' id='word_1_285' title='bbox 877 4037 948 4080; x_wconf 89' lang='lat' dir='ltr'>teros</span> <span class='ocrx_word' id='word_1_286' title='bbox 969 4023 1135 4083; x_wconf 85' lang='lat' dir='ltr'>Fontaninus</span> <span class='ocrx_word' id='word_1_287' title='bbox 1148 4022 1346 4100; x_wconf 83' lang='lat' dir='ltr'>quoqueHist.</span> 
     </span>
     <span class='ocr_line' id='line_1_35' title="bbox 364 4095 1347 4178; baseline 0.001 -20"><span class='ocrx_word' id='word_1_288' title='bbox 364 4095 502 4158; x_wconf 87' lang='lat' dir='ltr'>invehitur</span> <span class='ocrx_word' id='word_1_289' title='bbox 514 4116 560 4172; x_wconf 84' lang='lat' dir='ltr'>per</span> <span class='ocrx_word' id='word_1_290' title='bbox 572 4100 667 4154; x_wconf 83' lang='lat' dir='ltr'>caelum</span> <span class='ocrx_word' id='word_1_291' title='bbox 676 4097 759 4175; x_wconf 85' lang='lat' dir='ltr'>bigis.</span> <span class='ocrx_word' id='word_1_292' title='bbox 791 4100 833 4153; x_wconf 88' lang='lat' dir='ltr'>Si·</span> <span class='ocrx_word' id='word_1_293' title='bbox 878 4095 934 4158; x_wconf 85' lang='lat' dir='ltr'>litt.</span> <span class='ocrx_word' id='word_1_294' title='bbox 959 4099 1080 4177; x_wconf 86' lang='lat' dir='ltr'>Aquilei.</span> <span class='ocrx_word' id='word_1_295' title='bbox 1093 4121 1121 4178; x_wconf 93' lang='lat' dir='ltr'>p.</span> <span class='ocrx_word' id='word_1_296' title='bbox 1136 4121 1171 4178; x_wconf 82' lang='lat'>37</span> <span class='ocrx_word' id='word_1_297' title='bbox 1185 4099 1285 4167; x_wconf 84' lang='lat' dir='ltr'>statuit,</span> <span class='ocrx_word' id='word_1_298' title='bbox 1300 4100 1347 4159; x_wconf 79' lang='lat' dir='ltr'>seu</span> 
     </span>
     <span class='ocr_line' id='line_1_36' title="bbox 364 4172 1347 4254; baseline -0.003 -19"><span class='ocrx_word' id='word_1_299' title='bbox 364 4179 427 4235; x_wconf 82' lang='lat' dir='ltr'>dera</span> <span class='ocrx_word' id='word_1_300' title='bbox 451 4191 501 4248; x_wconf 89' lang='lat' dir='ltr'>pro</span> <span class='ocrx_word' id='word_1_301' title='bbox 521 4172 613 4238; x_wconf 83' lang='lat' dir='ltr'>fidere,</span> <span class='ocrx_word' id='word_1_302' title='bbox 632 4189 659 4230; x_wconf 91' lang='lat' dir='ltr'>et</span> <span class='ocrx_word' id='word_1_303' title='bbox 678 4176 778 4251; x_wconf 80' lang='lat' dir='ltr'>pulsare</span> <span class='ocrx_word' id='word_1_304' title='bbox 796 4175 832 4230; x_wconf 89' lang='lat' dir='ltr'>dc</span> <span class='ocrx_word' id='word_1_305' title='bbox 878 4176 914 4234; x_wconf 89' lang='lat' dir='ltr'>de</span> <span class='ocrx_word' id='word_1_306' title='bbox 936 4177 1114 4254; x_wconf 70' lang='lat' dir='ltr'>philosophia*</span> <span class='ocrx_word' id='word_1_307' title='bbox 1133 4176 1220 4234; x_wconf 89' lang='lat' dir='ltr'>studio</span> <span class='ocrx_word' id='word_1_308' title='bbox 1240 4176 1347 4254; x_wconf 81' lang='lat' dir='ltr'>accipe,</span> 
     </span>
     <span class='ocr_line' id='line_1_37' title="bbox 320 4247 1349 4330; baseline 0.003 -20"><span class='ocrx_word' id='word_1_309' title='bbox 320 4317 323 4322; x_wconf 23' lang='lat'>¹</span> <span class='ocrx_word' id='word_1_310' title='bbox 365 4271 459 4316; x_wconf 84' lang='lat' dir='ltr'>curru,</span> <span class='ocrx_word' id='word_1_311' title='bbox 485 4249 529 4304; x_wconf 89' lang='lat' dir='ltr'>seu</span> <span class='ocrx_word' id='word_1_312' title='bbox 554 4247 631 4324; x_wconf 92' lang='lat' dir='ltr'>equis</span> <span class='ocrx_word' id='word_1_313' title='bbox 651 4268 730 4306; x_wconf 87' lang='lat' dir='ltr'>curru</span> <span class='ocrx_word' id='word_1_314' title='bbox 747 4251 832 4308; x_wconf 69' lang='lat' dir='ltr'>trano</span> <span class='ocrx_word' id='word_1_315' title='bbox 876 4254 912 4311; x_wconf 87' lang='lat' dir='ltr'>ad</span> <span class='ocrx_word' id='word_1_316' title='bbox 925 4253 999 4329; x_wconf 88' lang='lat' dir='ltr'>quod</span> <span class='ocrx_word' id='word_1_317' title='bbox 1014 4272 1085 4312; x_wconf 90' lang='lat' dir='ltr'>nunc</span> <span class='ocrx_word' id='word_1_318' title='bbox 1098 4253 1216 4330; x_wconf 87' lang='lat' dir='ltr'>primum</span> <span class='ocrx_word' id='word_1_319' title='bbox 1230 4254 1349 4327; x_wconf 79' lang='lat' dir='ltr'>acceffit.</span> 
     </span>
     <span class='ocr_line' id='line_1_38' title="bbox 366 4323 1348 4464; baseline 0 -76"><span class='ocrx_word' id='word_1_320' title='bbox 366 4327 453 4388; x_wconf 84' lang='lat' dir='ltr'>solum</span> <span class='ocrx_word' id='word_1_321' title='bbox 485 4325 668 4403; x_wconf 80' lang='lat' dir='ltr'>quatientibus</span> <span class='ocrx_word' id='word_1_322' title='bbox 703 4327 832 4389; x_wconf 82' lang='lat' dir='ltr'>sollenne.</span> <span class='ocrx_word' id='word_1_323' title='bbox 914 4350 962 4408; x_wconf 85' lang='lat'>47.</span> <span class='ocrx_word' id='word_1_324' title='bbox 983 4328 1018 4388; x_wconf 78' lang='lat' dir='ltr'>Et</span> <span class='ocrx_word' id='word_1_325' title='bbox 1032 4333 1171 4410; x_wconf 57' lang='grc' dir='ltr'>μαψ.</span> <span class='ocrx_word' id='word_1_326' title='bbox 1210 4328 1241 4387; x_wconf 84' lang='lat' dir='ltr'>Si</span> <span class='ocrx_word' id='word_1_327' title='bbox 1259 4323 1348 4464; x_wconf 58' lang='lat' dir='ltr'>senesps</span> 
     </span>
     <span class='ocr_line' id='line_1_39' title="bbox 1269 4426 1348 4478; baseline -0.013 -14"><span class='ocrx_word' id='word_1_328' title='bbox 1269 4426 1299 4464; x_wconf 86' lang='lat' dir='ltr'>ru</span> <span class='ocrx_word' id='word_1_329' title='bbox 1336 4447 1348 4478; x_wconf 86' lang='lat'>,</span> 
     </span>
    </p>
   </div>
   <div class='ocr_carea' id='block_1_8' title="bbox 0 0 1645 5200">
    <p class='ocr_par' dir='ltr' id='par_1_10' title="bbox 0 0 1645 5200">
     <span class='ocr_line' id='line_1_40' title="bbox 0 0 1645 5200; baseline 0 0"><span class='ocrx_word' id='word_1_330' title='bbox 0 0 1645 5200; x_wconf 95' lang='lat' dir='ltr'> </span> 
     </span>
    </p>
   </div>
  </div>
 </body>
</html>
