3225 5200
503 509 938 595 caTALECTa;
1145 513 1212 610 a&

231 717 525 816 Mammreusque
540 714 620 802 tibi,
642 713 717 800 dea,
742 709 1010 785 versicoloribus
1024 706 1101 796 alis,

280 859 326 930 In
341 876 483 928 morem
498 850 593 958 pista
609 846 714 918 stabit
730 847 846 918 Amor
860 845 1034 942 pharetra.
1168 861 1214 922 ιο

232 987 351 1076 Μῦς,
373 1009 397 1057 ο
414 979 612 1080 Cytherea!
637 1000 717 1052 tuus
730 997 766 1050 te
778 978 898 1052 Caesar
914 976 1086 1073 Olympo,

284 1119 335 1206 Et
347 1116 543 1204 Surrentini
559 1115 676 1188 litoris
690 1139 763 1201 ora,
787 1133 902 1200 vacat

680 1383 764 1456 Vll.

323 1541 499 1600 aitarens
524 1541 631 1593 arus
659 1540 812 1590 sruurrs
838 1537 1128 1602 aaraoaoautmr

453 1680 675 1737 aarcurialu
703 1679 992 1738 Atreurcrrwa.

235 1793 291 1870 Ite
307 1790 404 1879 hinc,
428 1789 547 1864 inanes
564 1793 744 1871 rhetorum
763 1790 926 1884 manipli,

235 1924 363 2004 inflata
379 1945 457 2006 tore
472 1947 544 1996 non
558 1923 719 2010 Achaico
735 1923 851 1995 turba

235 2123 701 2279 rtrltritiflzilllr}
752 2122 1144 2278 Iat‘rlililmllll
1166 2141 1216 2258 ”Z

238 2275 417 2344 busadditis,
447 2297 500 2335 non
525 2295 576 2341 tam
602 2280 630 2336 in
653 2281 703 2339 alis
753 2280 930 2344 neriafanum
951 2280 1002 2336 effe
1009 2303 1019 2348 3
1050 2293 1079 2334 et
1101 2275 1218 2334 habebat

238 2353 437 2432 versicoloribus,
466 2375 524 2431 quae
542 2355 648 2434 po'e'tioe
669 2377 702 2413 eo
752 2355 967 2413 forreiueadem
980 2376 1027 2412 ora
1038 2354 1217 2434 praediumis,

235 2431 360 2509 epitheto
372 2445 512 2496 ornantur,
537 2433 581 2491 l'ed
594 2433 622 2489 in
632 2442 707 2510 puta-
753 2431 802 2510 qui
814 2441 921 2489 carmen
934 2433 987 2490 hoc
1000 2433 1119 2511 scriptia
1148 2431 1219 2488 facit

231 2508 368 2585 pharetra.
409 2507 480 2578 Noli
497 2511 587 2589 itaque
611 2509 705 2576 mitari
753 2508 826 2566 enirn
852 2509 978 2567 ultirnurn
995 2509 1048 2566 hoc
1061 2510 1218 2577 distichum,

237 2584 357 2643 Dianam
371 2604 547 2645 marmoream
563 2585 703 2646 cothurnis
754 2606 817 2644 cum
825 2587 915 2657 Caesar
927 2587 982 2665 ipse
992 2604 1021 2645 et
1037 2606 1085 2646 ora
1097 2588 1220 2665 Campu-

237 2662 360 2740 puniceis
373 2664 471 2742 Eclog.
491 2662 560 2731 VII,
585 2682 631 2738 30.
656 2686 704 2740 31,
755 2663 809 2721 niae
821 2684 869 2741 pro
881 2664 955 2721 felici
968 2664 1091 2721 AEneidit
1104 2665 1219 2723 successu

236 2758 286 2797 nec
297 2740 461 2816 aegrescere,
481 2759 525 2798 me
537 2741 572 2798 de
580 2740 703 2807 Maronis
754 2754 819 2797 vota
832 2741 919 2797 facere
929 2743 1068 2809 dicuutur,
1087 2757 1117 2798 ut
1128 2743 1219 2817 potina

232 2814 344 2892 judicio
367 2833 394 2872 et
418 2818 495 2895 gustu
507 2816 657 2895 ·sculpturae
671 2836 703 2875 ac
754 2816 788 2873 ab
795 2817 985 2894 amicoaliquo
993 2818 1125 2884 Maronis,
1136 2836 1219 2895 quam

237 2889 351 3024 {uum
361 2893 488 2952 dubitalle
499 2896 535 2952 ad
551 2894 616 2953 libr.
630 2894 704 2952 VIII
753 2891 859 3025 abdipso
871 2901 967 2971 poeta,
988 2893 1137 2971 profetiam
1147 2894 1219 2956 illud

278 2989 307 3025 n.
767 2988 884 3028 urcem.
909 2994 913 3000 ’

279 3046 703 3124 11‚12.tausteCaesarOIym·
752 2990 764 3045 J
959 3046 1026 3105 VII.

233 3138 399 3199 po-aocat:
419 3142 485 3190 nou,
513 3140 591 3200 puto,
617 3123 706 3198 Julius
801 3121 1023 3199 Saepiuseditiet
1043 3124 1073 3180 hi
1096 3127 1219 3182 Scazon·

237 3196 339 3269 Caelar,
361 3198 464 3256 Divus:
498 3214 528 3256 ut
548 3199 649 3257 iscaelo
663 3218 705 3257 re·
755 3211 795 3256 tes
829 3214 922 3265 extant
955 3200 984 3256 in
1009 3199 1124 3258 Anthol.
1153 3203 1219 3259 Lat.

239 3290 332 3353 ceptus
345 3274 446 3333 Veneri
458 3274 607 3363 supplicet:
630 3276 705 3333 sanc·
756 3275 841 3332 Tom.
855 3276 880 3342 Ι,
899 3274 949 3331 lib.
963 3274 1005 3340 ll,
1024 3296 1068 3353 ep.
1084 3295 1151 3350 243,
1171 3277 1221 3335 ubi

238 3366 330 3422 torum
343 3372 428 3419 more,
448 3371 496 3427 qur
518 3352 545 3409 in
568 3352 634 3410 caelo
657 3354 703 3411 de·
754 3350 812 3408 vid.
825 3354 913 3408 Burm.
954 3352 1220 3428 Comparandumest

238 3444 321 3507 gunt.
373 3431 425 3487 Sed
454 3428 543 3486 Caesar
570 3430 705 3505 Augustus
754 3446 787 3484 ex
820 3445 876 3486 arte
890 3428 998 3485 initium
1014 3430 1100 3488 Ciris.

243 3503 303 3585 ipse
316 3502 593 3563 invocatVeneremin
605 3508 703 3579 Olym·
792 3450 819 3561 ΙΡ
837 3506 949 3562 Currior
962 3508 990 3562 in
1010 3507 1062 3563 fine
1083 3508 1171 3566 versus
1182 3510 1220 3566 ell

238 3600 278 3660 po
300 3582 450 3659 degentem.
503 3579 640 3659 Qatenus
660 3604 705 3639 au·
754 3580 864 3655 syllaba,
884 3598 911 3639 et
931 3585 988 3659 jam
1002 3584 1135 3660 suppletus
1149 3606 1164 3641 a
1178 3584 1220 3642 vi·

238 3674 295 3717 tem
320 3661 463 3716 Surrentini
482 3656 570 3715 littoris
591 3682 635 3715 ora
655 3678 704 3735 pro
754 3657 793 3717 ris
817 3658 1069 3737 dodim-manipli,
1092 3674 1145 3719 ite:
1177 3662 1220 3719 vel

238 3735 357 3801 AEneide
368 3749 432 3791 vota
440 3733 533 3800 saciat,
547 3734 704 3793 illustratum
752 3743 785 3791 ite
796 3735 862 3794 hinc.

238 3833 256 3871 a
283 3810 349 3875 viria
373 3811 460 3869 doliis
482 3810 574 3869 videre
597 3812 703 3871 vellem.
794 3832 821 3869 z.
843 3816 890 3869 Ros
915 3814 1051 3880 Achaicus,
1078 3828 1109 3870 ut
1130 3817 1221 3871 Cecro-

239 3888 347 3947 Villam
360 3886 511 3961 Virgilium
530 3908 584 3946 non
597 3889 706 3977 longea
749 3897 807 3965 pius
821 3912 868 3957 ros,
887 3892 922 3945 de
931 3888 1083 3963 eloquentia
1092 3911 1101 3956 ;
1120 3890 1163 3947 seu
1176 3906 1221 3948 ro-

238 3966 316 4027 Nola
349 3964 379 4031 iu
406 3964 548 4041 Campano
578 3964 707 4033 habuisse,
756 3984 826 4031 rem,
864 3984 918 4041 quo
943 3964 1043 4021 cicada:
1067 3965 1223 4043 pascuntur,

237 4039 703 4117 alloloc'olT.I‚V.Virg.s.a4l
756 4040 813 4106 seu,
833 4042 905 4116 quod
930 4042 1035 4108 malim,
1065 4044 1117 4100 mel
1145 4047 1221 4107 Atti.

236 4121 373 4188 vidimus3
394 4117 470 4174 littus
483 4117 568 4192 igitur
587 4118 656 4176 illud
670 4120 705 4175 ad
755 4137 818 4174 cum
832 4116 929 4193 respici
947 4116 1059 4176 dixeris.
1098 4124 1223 4185 Achaicus

238 4198 383 4259 craterem
407 4193 453 4251 seu
475 4194 570 4251 Sinum
590 4196 706 4271 Campa·
756 4195 868 4251 omnino
892 4214 941 4270 pro
965 4194 1075 4263 Graeco,
1096 4214 1123 4255 et
1143 4200 1222 4261 Grae.

236 4292 304 4337 num
313 4292 362 4350 per
367 4269 584 4349 promontorium
596 4273 706 4329 Surren-
757 4271 852 4327 canica
863 4272 1026 4346 eloquentia.
1039 4273 1155 4334 turbam
1168 4280 1222 4338 fine

235 4350 340 4425 riuum,
358 4344 479 4426 adquod
491 4366 524 4408 ea
539 4366 586 4413 ora
599 4362 707 4427 pruten-
757 4347 864 4418 dudunt
878 4349 1048 4409 emendatum
1071 4371 1121 4429 pro
1140 4356 1223 4441 verba

1128 4446 1224 4491 avrrrt
