3225 5200
442 519 514 597 IN
563 509 945 594 MORETUM.
1139 533 1204 590 aar

229 754 309 806 rum
326 727 380 813 srt,
405 723 545 796 animus
561 697 630 792 non
651 721 814 817 erigatur,
838 733 900 787 aut
918 715 944 786 sr
968 717 1117 786 omnino
1132 731 1210 786 arte

229 875 264 927 et
281 851 426 949 ingenio
442 865 571 922 careat.
622 845 774 941 Virgilio
791 865 936 914 carmen
949 842 1017 912 hoc
1032 840 1210 912 tributum

228 977 294 1051 else
304 975 382 1074 jam
399 972 607 1068 antiquitus,
634 991 736 1040 exeo
760 965 907 1050 constat,
936 963 1031 1060 quod
1060 964 1097 1034 in
1129 962 1209 1032 Vita

230 1095 375 1192 Virgilii
391 1093 479 1164 illud
497 1104 817 1162 commemoratur:
842 1084 915 1168 etsi,
930 1106 1014 1154 cum
1031 1102 1084 1154 tot
1101 1083 1230 1155 serio?

229 1241 312 1288 rum
332 1213 522 1285 hominum
539 1209 642 1304 nugis
661 1207 723 1277 illa
739 1206 947 1302 interpolata
971 1206 1026 1296 fit,
1042 1210 1129 1304 quid
1147 1235 1210 1284 ve.

227 1355 318 1410 teres
329 1331 569 1406 Grammatici
580 1327 1118 1428 judicaverint,difficulterinde
1129 1359 1211 1406 eru.

228 1464 314 1536 itur.
366 1459 410 1529 A.
439 1457 590 1551 Septimio
605 1456 728 1540 Sereno,
760 1451 878 1548 po'e'tae
908 1453 1053 1542 Falisco,
1077 1457 1208 1553 dequo

229 1587 295 1682 qui
327 1569 527 1676 scripserint
552 1575 726 1649 recensuit
756 1575 948 1648 Burmann.
981 1578 1026 1650 ad
1057 1581 1206 1654 Antbol.

231 1708 313 1780 Lat.
332 1705 394 1777 lib.
416 1703 431 1774 Ι
450 1727 505 1799 ep.
535 1723 578 1794 27
600 1698 870 1772 adscribendum
885 1701 951 1772 elle
967 1704 1208 1800 suspicabatur

229 1827 399 1922 Scaliger,
424 1842 503 1896 tum
529 1823 690 1894 Barthius
706 1822 853 1892 advers.
881 1822 1042 1913 XXXV,
1070 1838 1141 1902 8et
1156 1831 1204 1904 al.

228 1953 311 2038 loc,
322 1950 406 2044 quia
417 1947 585 2044 opuscula
599 1948 657 2018 ille
675 1946 801 2018 rustica
820 1956 872 2040 (et
888 1949 965 2020 haec
982 1952 1084 2023 unica
1094 1955 1207 2026 caulla
1241 1986 1246 1994 ·

228 2071 394 2153 affertur)
409 2066 801 2176 composuilledicitur:
828 2091 941 2161 nuper
951 2088 1068 2140 autem
1077 2072 1208 2144 doctis-

227 2195 337 2267 limus
353 2191 469 2262 editor
484 2190 669 2262 Poitarum
687 2189 870 2261 minorum
885 2190 1143 2267 Wernsdorfius
1160 2196 1207 2268 T.
1309 2285 1312 2291 ¹

229 2315 269 2388 ΙΙ
286 2313 358 2384 fine
375 2311 589 2401 haefitatione
605 2315 732 2384 Sereno
748 2337 893 2384 carmen
912 2316 982 2386 hoc
999 2315 1206 2408 vindicavit,
1252 2390 1254 2394 ,

226 2460 411 2533 tamquam
436 2455 573 2530 partem
596 2437 751 2533 priorem
780 2439 1005 2530 Opusculorum
1027 2441 1203 2512 ruralium:

229 2559 291 2633 etsi
305 2559 382 2631 haec
402 2558 514 2652 lyrico
526 2559 684 2631 carmine
701 2559 803 2631 variis
815 2559 936 2629 metris
954 2579 1089 2633 exarata
1106 2560 1204 2633 inille

229 2702 492 2768 memorantur;
517 2686 635 2779 potuit
661 2686 754 2755 enim
781 2685 954 2780 praemitti
971 2708 1113 2756 carmen
1133 2685 1201 2757 hoc

226 2806 483 2877 hexametrum.
523 2806 577 2877 lta
594 2808 637 2877 ad
654 2807 853 2902 Vespaliani
869 2826 1030 2903 tempora
1041 2807 1127 2878 illud
1144 2831 1201 2880 re-

220 2926 362 3025 jicitur.
413 2929 599 3001 Monitum
617 2931 706 3003 illud
723 2955 864 3026 quoque
880 2958 900 3002 a
915 2932 997 3002 viris
1013 2932 1125 3002 dodlis
1140 2932 1200 3019 est,

228 3046 401 3142 scriptum
413 3045 491 3145 jam
507 3050 596 3121 olim
612 3078 633 3123 a
650 3056 763 3124 Suevio
780 3050 877 3124 soille
890 3052 1059 3146 ldyllium
1077 3052 1203 3128 More-

225 3184 319 3256 tum,
332 3194 375 3241 ex
386 3194 458 3265 quo
474 3169 660 3242 versrculos
673 3172 808 3267 profert
821 3169 984 3243 Macrob.
1004 3173 1041 3243 ll
1058 3174 1130 3244 Sat.
1148 3197 1202 3263 14,

226 3290 286 3363 sed
314 3290 508 3363 admodum
540 3292 712 3381 horridoS‚
747 3294 772 3365 fi
805 3316 889 3363 cum
912 3292 1032 3363 nostro
1059 3292 1203 3365 Moreto

226 3417 430 3490 contendas,
558 3495 565 3503 J,

276 3536 485 3609 Lediionem
513 3542 549 3611 in
575 3541 729 3637 antiquis
751 3540 831 3611 edd.
853 3540 925 3613 fere
949 3539 1078 3613 eodem
1094 3544 1203 3621 modo

223 3679 430 3757 corruptam
440 3663 539 3735 vidi:
566 3667 626 3737 etsr
644 3644 760 3737 minus
775 3666 950 3738 foedatum
967 3684 1001 3737 et
1016 3667 1203 3761 interpola-

224 3800 305 3852 tum
330 3805 419 3877 opus
444 3784 489 3855 ad
512 3809 575 3857 nos
601 3789 773 3884 pervenit,
798 3812 907 3883 qnam
931 3806 1071 3865 caetera.
1122 3784 1204 3855 Pri-

224 3924 329 3972 mum
340 3903 537 3975 institutam
551 3906 786 3977 recensionem
800 3904 1152 4002 novamdeprehendi
1165 3906 1202 3976 in
1261 3999 1265 4007 ¹

224 4024 361 4097 Aldina
380 4047 471 4121 1517
487 4027 763 4101 Cataledlorum:
781 4054 822 4101 ea
832 4029 1102 4102 fundamentum
1115 4030 1203 4104 satta

223 4145 499 4217 correctioribus
516 4147 752 4227 editionibus;
778 4147 962 4219 succeffere
985 4164 1104 4219 tamen
1123 4151 1203 4224 aliae

221 4265 409 4360 antiquam
426 4265 614 4338 leclionem
632 4267 832 4354 retinentes,
849 4268 955 4340 etiam
970 4268 1202 4365 Scaligerana.

219 4381 529 4481 Qandoquidem
550 4382 587 4474 in
604 4380 672 4455 hoc
701 4382 881 4480 poimatio
898 4407 970 4455 non
988 4384 1202 4456 habebamus

587 4485 590 4489 ’
1012 4506 1205 4600 exemplar,
