3225 5200
455 458 971 596 'PRAErnrro
1078 443 1084 447 ’
1200 502 1241 577 nr

89 721 91 736 t
258 702 344 768 tum
378 703 450 794 per
480 685 579 774 Ant.
614 683 823 764 Zarottum
856 670 983 791 (conf.
1015 674 1111 770 ibid.
1144 719 1236 800 pag.

257 821 514 932 LXXXIII).
571 813 709 904 Abeo
740 821 833 902 inde
859 839 1033 933 tempore
1046 828 1241 940 pleraeque

89 979 91 994 ’
256 948 377 1069 lrujus
408 958 537 1043 seculi
567 961 756 1074 editiones
789 961 942 1042 minora
973 960 1041 1042 illa
1067 967 1238 1048 carmina

89 1169 91 1202 ,
208 1147 213 1156 ·
255 1100 534 1208 repetiverunt,
565 1095 716 1176 diverso
745 1113 877 1176 tamen
905 1094 1038 1178 ordine
1064 1114 1102 1178 et
1130 1101 1234 1196 loco,

89 1209 91 1296 i
259 1256 305 1318 ut
333 1237 372 1316 in
400 1230 503 1316 hanc
519 1237 581 1315 vel
600 1225 709 1315 illam
737 1232 993 1316 recensionem
1011 1239 1054 1332 ii,
1084 1240 1155 1348 qui
1172 1267 1236 1321 eas

256 1371 456 1468 curabant,
488 1370 724 1463 incideram
759 1396 831 1450 nec
863 1372 1033 1452 multum
1060 1374 1238 1456 utilitatis

257 1533 310 1588 ex
341 1525 471 1588 earum
504 1507 793 1616 comparatione
821 1509 1017 1614 expediari
1044 1509 1148 1617 polle
1170 1511 1236 1592 in-

256 1645 403 1724 tellexi.
480 1645 727 1754 Interpretari
758 1661 917 1753 quoque
947 1647 1135 1726 nonnulla
1165 1673 1238 1756 ag·

258 1773 400 1886 gressus
420 1776 474 1856 est
502 1768 708 1857 Domitius
737 1775 966 1856 Calderinus
995 1797 1033 1857 et
1060 1780 1237 1889 Pompo*

89 1951 91 2020 ῥ
258 1918 346 1996 nius
364 1915 543 2009 Sabinu8‚
569 1917 702 1996 omnia
720 1915 864 2032 Badius¹
881 1915 1103 1998 Ascenlitu.
1162 1915 1238 1996 Sed
1333 1953 1336 1956 ·

89 2039 103 2077 ”
257 2078 360 2132 nova
395 2049 540 2132 horum
572 2051 790 2130 carminum
819 2050 984 2160 recenfio
1018 2080 1101 2132 non
1132 2051 1237 2132 fana

261 2185 332 2279 est,
353 2183 425 2264 nifi
455 2185 495 2264 in
521 2183 661 2264 Aldina
688 2185 857 2264 editione
889 2203 1008 2293 1317,
1027 2182 1075 2262 d'e
1102 2187 1236 2294 quain
1381 2239 1387 2244 -

89 2397 91 2400 ,
260 2314 437 2408 Recensu
459 2321 549 2402 edd.
568 2319 720 2403 dietum
739 2320 808 2415 est,
843 2339 881 2401 et
898 2321 1047 2402 dicetur
1067 2347 1167 2402 mox
1185 2321 1236 2404 ad
1371 2417 1378 2424 ,

258 2460 456 2540 Culicem.
527 2453 642 2539 Nihil
674 2455 764 2534 inde
801 2452 872 2534 seu
900 2451 996 2563 opio·
1024 2453 1089 2536 seu
1118 2452 1236 2550 studii

89 2634 91 2691 t
255 2597 421 2693 acceffit,
452 2595 519 2681 etsi
553 2593 692 2705 sopitis
727 2594 863 2677 recusrs
896 2594 1150 2689 carminibuS,
1181 2617 1236 2689 et,

90 2798 91 2803 =
259 2734 366 2846 quod
396 2732 560 2822 mireris,
589 2730 692 2817 haud
711 2752 794 2811 rato
812 2730 859 2811 ad
878 2731 1137 2838 antiquiorem
1155 2731 1234 2811 lec-

89 2882 91 2907 '
260 2875 423 2961 tionem,
445 2878 495 2951 ·u't
514 2869 554 2949 in
573 2867 685 2971 Junt.
719 2884 822 2973 1526
847 2868 895 2947 ab
913 2870 1012 2947 Anti
1041 2866 1234 2951 Francino

89 3094 91 3109 Λ
261 2998 481 3111 Varohienfi
501 3024 644 3097 curata,
660 3022 709 3083 -et
729 3004 847 3085 Lucae
865 3005 961 3084 Ant.¹
980 3004 1110 3103 Juntae
1130 3005 1231 3085 Ven.

255 3163 279 3229 t
288 3175 311 3255 ς
317 3173 338 3255 3
345 3176 381 3257 3,
413 3144 517 3226 Rob.
538 3139 720 3251 Stephani
744 3168 757 3221 1
767 3168 789 3247 ς
796 3167 818 3247 3
824 3166 864 3247 3,
889 3139 1011 3249 usque
1028 3137 1127 3218 dum
1144 3138 1234 3217 Scaa

256 3280 356 3394 liger
411 3279 682 3390 Appendicem
729 3278 986 3387 Virgilianarn
1023 3274 1235 3357 adornavit

265 3440 382 3534 1573,
418 3422 623 3531 repetitam
652 3448 674 3497 a
710 3419 869 3501 Guellio
903 3439 1003 3526 1573
1040 3430 1079 3493 et
1109 3416 1233 3495 austio
1309 3502 1313 3512 ¹

262 3562 459 3641 nonnullis
478 3555 1012 3667 emendatisqueaScaligero,
1031 3581 1121 3635 cura
1138 3552 1235 3631 Lin-

259 3694 475 3804 denbrogii,
496 3688 755 3803 apud'Frane.
781 3693 1094 3803 Raphelengium
1117 3713 1241 3796 1595,

261 3846 346 3911 turn
370 3828 439 3909 sub
469 3821 757 3909 Catal‘edtorum
788 3829 949 3909 nomine
975 3849 1159 3929 novoque
1185 3821 1237 3899 ti-

261 3964 344 4043 tulo
371 3960 535 4071 praefixo
569 3962 671 4075 1617
698 3964 800 4071 apud
815 3966 878 4061 Jo.
900 3956 1029 4043 Maire
1035 3992 1049 4053 3
1077 3985 1170 4039 uam
1186 3955 1235 4039 ab

262 4097 489 4207 Appendice
507 4095 672 4205 separata
690 4094 775 4175 sunt
792 4096 992 4175 Cataletta
1008 4091 1117 4176 libris
1137 4092 1236 4173 duo-

260 4231 348 4323 bus.
397 4238 580 4349 Repetita
596 4236 681 4319 sunt
697 4258 856 4346 quoque
874 4236 1009 4343 eadem
1027 4237 1069 4316 in
1084 4232 1236 4316 Pitho*³
1322 4331 1325 4337 .

716 4401 737 4453 a
766 4392 789 4456 2
1166 4395 1239 4460 ana
