3225 5200
394 143 428 194 -ἴ

437 509 479 575 18
552 487 903 576 PROOEMIUM
927 499 989 574 IN
1014 498 1299 580 CULICEM.

433 697 577 795 po'e'tarn
594 697 775 793 refingere,
791 714 827 770 et
835 698 953 768 minus
968 695 1090 791 probis
1108 696 1315 770 substituere
1327 719 1408 773 me.
1435 749 1440 756 .

433 820 531 890 liora.
584 816 667 890 Hoc
684 843 755 890 non
768 820 888 891 critici
904 819 963 905 est,
988 817 1048 889 sed
1059 816 1204 914 judicis.

426 986 446 1013 ,Δ
483 939 615 1009 Extant
639 939 753 1011 adhuc
779 938 903 1034 pallrrn
920 939 960 1008 in
974 937 1215 1026 bibliothecis,
1239 939 1404 1036 inprimis

432 1058 470 1128 in
487 1056 599 1154 Regia
611 1059 799 1147 Parifienfi,
815 1059 966 1145 codices,
982 1059 1044 1153 qui
1063 1056 1243 1154 poematia
1256 1061 1318 1132 illa
1334 1062 1409 1133 mi-

432 1205 529 1267 nora,
553 1206 634 1276 quae
651 1181 713 1254 sub
730 1182 875 1276 Virgilii
887 1179 1032 1255 nomine
1045 1181 1164 1252 venire
1178 1179 1300 1269 solent,
1321 1208 1409 1255 mo·-

432 1305 480 1376 do
496 1306 609 1400 plura,
626 1304 735 1376 modo
744 1306 921 1406 pauciora,
939 1303 1121 1375 interdum
1132 1303 1314 1376 Moretum
1325 1323 1407 1375 tan-

433 1444 513 1499 tum
529 1446 588 1499 aut
612 1428 708 1498 aliud
725 1451 878 1515 carmen,
902 1426 1083 1499 exhibent.
1134 1427 1235 1524 Qos
1259 1428 1403 1502 codices

432 1549 643 1644 fiexcullos,
668 1549 790 1621 saltem
806 1549 977 1645 inspeelos
994 1571 1014 1618 a
1030 1548 1113 1621 viris
1130 1548 1253 1636 doctis,
1284 1551 1346 1644 qui
1363 1575 1405 1623 ea

434 1670 513 1742 loca
521 1673 662 1758 adeunt,
672 1672 839 1744 audivero
849 1705 859 1753 ;
877 1672 992 1744 multo
1002 1671 1116 1768 magis
1124 1670 1283 1758 laetabor,
1295 1695 1406 1766 quam

432 1795 459 1864 fi
477 1813 530 1868 tot
549 1798 707 1892 vulgares
725 1797 844 1883 libros,
859 1797 920 1893 qui
939 1796 1141 1882 AEueidem,
1157 1795 1344 1890 Georgica,
1367 1812 1403 1866 et

431 1915 584 2013 Eclogas
601 1919 742 2007 habent,
768 1943 990 2016 quorumque
1006 1917 1271 2014 comparatione
1280 1916 1401 1987 nullus

431 2039 571 2134 prorsus
586 2041 718 2115 fruetus
734 2045 779 2116 ad
796 2045 857 2115 illa
867 2044 1024 2115 carmina
1038 2041 1216 2137 expectari
1227 2039 1351 2135 potest,
1359 2040 1400 2137 in

431 2161 592 2235 medium
609 2165 758 2260 proferri
774 2167 927 2238 videam.
968 2164 1044 2236 Nifi
1058 2167 1165 2254 enim,
1181 2165 1220 2236 in
1233 2164 1401 2236 codicum

430 2282 649 2378 inspedlione
665 2303 700 2355 et
715 2286 789 2372 usu,
809 2285 949 2381 judicio
962 2285 1044 2356 sano
1059 2303 1096 2356 et
1109 2285 1205 2356 teoto
1219 2283 1340 2370 utaris,
1364 2300 1401 2353 et

429 2403 632 2491 utilitatem,
654 2426 736 2498 quae
752 2429 795 2478 ex
809 2427 852 2478 ea
867 2429 974 2502 opera
989 2403 1167 2502 proficisci
1185 2402 1310 2499 potest,
1335 2427 1400 2475 ex·
1452 2489 1464 2522 ὃ

428 2525 584 2621 pendas:
609 2524 749 2596 nullum
767 2523 872 2599 facile
895 2523 963 2599 'elle
986 2524 1102 2625 potest
1125 2522 1220 2597 aliud
1244 2522 1399 2601 studium.

429 2664 505 2718 tam
515 2644 692 2744 jejunum,
701 2646 801 2721 futile
811 2665 846 2720 et
856 2649 993 2721 liberali
1008 2648 1153 2721 homine
1165 2646 1226 2719 vix
1236 2645 1401 2743 dignum,

429 2786 538 2858 quam
564 2765 643 2853 hoc,
667 2767 764 2861 quod
789 2768 826 2839 in
851 2767 1068 2843 excutiendis
1084 2765 1239 2843 librariae
1262 2762 1399 2837 inertie

429 2881 625 2981 quisquiliis
642 2885 808 2962 collocari
825 2886 924 2963 solet.
