3225 5200
540 501 663 575 ru
712 495 967 573 crnlu.
1194 516 1241 593 93

254 702 457 803 probarunt
467 730 477 781 ς
515 694 585 783 sed,
605 716 650 765 an
666 692 745 763 haec
763 689 825 761 illa
838 686 918 773 fint,
943 684 1072 781 quibus
1088 684 1245 783 posticae

256 825 389 895 laureae
406 819 517 891 decus
533 812 648 913 parari
665 810 780 908 possit,
804 806 1001 881 admodum
1015 806 1156 881 dubito.

253 1006 258 1013 .
309 941 474 1016 Omnino
498 940 545 1014 ab
574 936 710 1010 inventi
734 932 920 1033 felicitate,
946 952 1030 1025 quae
1046 948 1165 1002 tamen
1190 954 1248 1003 ros

259 1096 334 1146 una
343 1068 507 1143 omnium
522 1065 679 1137 maxime
688 1058 808 1157 posstae
817 1079 953 1131 nomen
965 1074 1000 1127 et
1008 1054 1151 1128 laudem
1158 1076 1252 1126 con.

265 1197 368 1281 tinet,
390 1188 560 1265 carminis
578 1186 682 1282 hujus
699 1184 773 1253 laus
792 1204 923 1276 magna
938 1177 1001 1249 vix
1016 1178 1093 1273 peti
1113 1178 1247 1273 potest:

260 1320 320 1391 uti
332 1342 397 1391 nec
410 1312 575 1387 traskatio
588 1327 664 1383 arte
675 1308 793 1401 aliqua
809 1302 996 1399 infigniore
1011 1301 1046 1373 se
1059 1326 1248 1375 commen-

265 1444 343 1529 dat,
373 1440 439 1511 nist
460 1440 496 1511 in
511 1436 603 1509 locis
621 1428 857 1531 fingularibus
873 1425 983 1522 iisque
1000 1422 1071 1495 fere
1084 1424 1130 1498 ad
1145 1448 1249 1499 com-

271 1589 419 1639 munem
436 1559 624 1659 positarum
641 1554 766 1629 orbem
783 1547 1041 1645 spodiantibus:
1071 1546 1251 1645 cujusmo-

268 1690 309 1762 di
326 1688 374 1761 est
390 1686 538 1760 nutricis
554 1706 663 1779 opera
689 1678 727 1749 in
743 1673 891 1773 virginis
915 1671 1039 1744 dolore
1054 1671 1250 1764 allevando,

269 1815 399 1913 puellae
424 1810 563 1885 miserae
592 1804 745 1903 querelae
768 1820 804 1873 et
821 1798 869 1870 fic
886 1798 966 1872 alia.
1019 1796 1251 1875 Contrasunt

268 1940 338 2021 alia
355 1936 497 2035 po‘e'tica
508 1929 704 2005 narratione
716 1926 776 1995 vix
786 1918 1130 2016 comprehendenda,
1141 1920 1251 1991 adeo-

270 2086 341 2160 que
367 2086 389 2132 a
415 2056 523 2155 posta
537 2048 775 2147 relinquenda,
798 2044 883 2140 quia
898 2041 944 2114 ad
957 2040 1155 2135 pedestrem
1171 2065 1252 2115 ora-

275 2187 414 2257 tionem
433 2178 596 2277 proniora
611 2192 730 2248 erant:
761 2187 802 2243 ut
816 2168 917 2239 locus
931 2164 976 2235 de
991 2164 1131 2237 diverfis
1148 2166 1252 2262 super

276 2309 396 2405 Scylla
419 2287 644 2402 opinionibus
667 2325 702 2372 v.
735 2298 779 2391 63
804 2294 992 2389 sqq.-90,
1030 2289 1118 2361 alius
1149 2290 1252 2387 super

276 2434 406 2520 fabulae
421 2430 460 2504 in
484 2420 688 2507 Britomarti
703 2418 869 2494 varietate
880 2435 948 2509 303
967 2413 1040 2508 sqq.
1061 2413 1066 2421 '
1092 2412 1187 2487 Haec
1212 2431 1261 2486 et·

272 2554 401 2633 similia
426 2574 512 2623 cum
536 2544 682 2618 trastata
710 2535 877 2610 nitescere
909 2550 1096 2630 nequeant,
1135 2534 1250 2610 bonus

273 2677 380 2778 posta
407 2697 480 2746 non
505 2669 609 2742 facile
634 2664 796 2758 attinget.
863 2657 949 2729 Alia
973 2654 1018 2731 ad
1036 2655 1249 2732 rhetoricam

275 2811 431 2887 δεινότητα
446 2795 588 2894 egregie
600 2787 869 2866 accommodata
885 2782 974 2869 sunt,
996 2800 1035 2852 ut
1050 2783 1085 2862 in
1101 2783 1250 2878 querelis

278 2923 432 3024 puellae:
468 2937 516 3004 et,
541 2916 568 2988 fi
597 2914 684 3014 quid
702 2911 762 2996 est,
786 2933 856 3004 quo
873 2907 1036 2992 adducar,
1061 2923 1100 2978 ut
1125 2907 1251 2982 Maro-

277 3047 377 3134 niani
405 3041 539 3140 ingenii
555 3039 666 3117 fetum
683 3033 748 3119 effe
777 3035 870 3103 hunc
883 3047 1031 3124 putem,
1056 3029 1149 3104 hunc
1166 3058 1252 3129 pro.

277 3173 420 3271 piorem
435 3163 481 3248 ad
496 3161 670 3258 tragicam
694 3155 951 3228 vehementiam
977 3171 1012 3224 et
1038 3153 1253 3234 rhetoricam

280 3287 578 3378 declamationem
588 3283 754 3366 affesium
768 3277 978 3371 essedicam,
1001 3302 1108 3373 quem
1120 3280 1154 3350 in
1174 3283 1253 3358 Vir,

285 3417 372 3514 gilio
384 3437 441 3498 me
456 3411 644 3510 agnoscere
653 3407 833 3508 jam-alibi
848 3406 1043 3478 accuratius
1057 3412 1200 3506 exposui
1217 3419 1249 3494 ἦ

285 3541 435 3614 Accedit
459 3537 625 3611 orationis
647 3535 805 3634 posticae
826 3533 982 3618 facultas,
1006 3557 1085 3630 quae
1115 3536 1152 3609 in
1180 3539 1251 3615 hoc

285 3666 393 3762 po'e'ta
408 3663 477 3747 fuit
492 3663 649 3746 summa:
674 3685 756 3756 quae
788 3685 828 3732 ea
849 3658 921 3755 ipsa
945 3661 1058 3733 caussa
1083 3661 1160 3748 suit,
1182 3689 1253 3759 qua

285 3787 428 3874 adducti
442 3785 509 3858 viri
526 3783 622 3858 dosii
639 3803 767 3856 caetera
776 3785 882 3860 etiam
893 3785 1111 3868 omniaineo
1122 3788 1253 3859 carmi.
1325 3821 1330 3826 ·

1083 3977 1086 3982 .
1204 3933 1250 3985 na

283 4144 342 4296 T·
366 4135 435 4293 νέξ
457 4135 542 4208 Tm·
563 4133 593 4193 11
614 4131 735 4225 unquis,
754 4130 780 4204 1,
793 4151 822 4224 p.
835 4151 919 4203 xxxv.
937 4100 966 4195 a
985 4137 1049 4199 aa
1065 4127 1179 4227 xpus.
1193 4155 1249 4223 37⁸

283 4267 285 4272 ·
312 4255 369 4299 om·
424 4275 433 4301 ι
456 4247 460 4254 ’
505 4253 508 4258 ’
966 4243 969 4246 ’
1199 4228 1202 4233 ¹
