<?xml version="1.0" encoding="UTF-8"?>
<!DOCTYPE html PUBLIC "-//W3C//DTD XHTML 1.0 Transitional//EN"
    "http://www.w3.org/TR/xhtml1/DTD/xhtml1-transitional.dtd">
<html xmlns="http://www.w3.org/1999/xhtml" xml:lang="en" lang="en">
 <head>
  <title>
</title>
<meta http-equiv="Content-Type" content="text/html;charset=utf-8" />
  <meta name='ocr-system' content='tesseract 3.04.00' />
  <meta name='ocr-capabilities' content='ocr_page ocr_carea ocr_par ocr_line ocrx_word'/>
</head>
<body>
  <div class='ocr_page' id='page_1' title='image "./operavarietatel02virggoog/operavarietatel02virggoog_0024.png"; bbox 0 0 3225 5200; ppageno 0'>
   <div class='ocr_carea' id='block_1_1' title="bbox 658 551 2551 1683">
    <p class='ocr_par' dir='ltr' id='par_1_1' title="bbox 658 551 2551 1683">
     <span class='ocr_line' id='line_1_1' title="bbox 658 551 2551 1683; baseline 0 0"><span class='ocrx_word' id='word_1_1' title='bbox 658 551 2551 1683; x_wconf 95' lang='lat' dir='ltr'> </span> 
     </span>
    </p>
   </div>
   <div class='ocr_carea' id='block_1_2' title="bbox 763 1907 2473 2330">
    <p class='ocr_par' dir='ltr' id='par_1_2' title="bbox 763 1907 2473 2330">
     <span class='ocr_line' id='line_1_2' title="bbox 763 1907 2473 2039; baseline -0.001 -1"><span class='ocrx_word' id='word_1_2' title='bbox 763 1939 859 2038; x_wconf 78' lang='grc' dir='ltr'>Ρ.</span> <span class='ocrx_word' id='word_1_3' title='bbox 950 1937 1570 2038; x_wconf 85' lang='lat' dir='ltr'>VIRGILII</span> <span class='ocrx_word' id='word_1_4' title='bbox 1674 1907 2373 2039; x_wconf 84' lang='lat' dir='ltr'>MARONIS</span> <span class='ocrx_word' id='word_1_5' title='bbox 2467 1909 2473 1914; x_wconf 77' lang='grc'>’</span> 
     </span>
     <span class='ocr_line' id='line_1_3' title="bbox 1106 2158 1981 2330; baseline -0.002 -40"><span class='ocrx_word' id='word_1_6' title='bbox 1106 2158 1981 2330; x_wconf 87' lang='lat' dir='ltr'><strong>CULEX</strong></span> 
     </span>
    </p>
   </div>
   <div class='ocr_carea' id='block_1_3' title="bbox 934 2421 2195 2506">
    <p class='ocr_par' dir='ltr' id='par_1_3' title="bbox 934 2421 2195 2506">
     <span class='ocr_line' id='line_1_4' title="bbox 934 2421 2195 2506; baseline 0.002 -2"><span class='ocrx_word' id='word_1_7' title='bbox 934 2423 1124 2504; x_wconf 86' lang='lat' dir='ltr'>AD</span> <span class='ocrx_word' id='word_1_8' title='bbox 1223 2421 2195 2506; x_wconf 71' lang='lat' dir='ltr'><strong>OCTAVIUM.*</strong></span> 
     </span>
    </p>
   </div>
   <div class='ocr_carea' id='block_1_4' title="bbox 1180 2666 2021 2710">
    <p class='ocr_par' dir='ltr' id='par_1_4' title="bbox 1180 2666 2021 2710">
     <span class='ocr_line' id='line_1_5' title="bbox 1180 2666 2021 2710; baseline 0 2490"><span class='ocrx_word' id='word_1_9' title='bbox 1180 2666 2021 2710; x_wconf 95' lang='lat' dir='ltr'> </span> 
     </span>
    </p>
   </div>
   <div class='ocr_carea' id='block_1_5' title="bbox 939 2884 2163 2970">
    <p class='ocr_par' dir='ltr' id='par_1_5' title="bbox 939 2884 2163 2970">
     <span class='ocr_line' id='line_1_6' title="bbox 939 2884 2163 2970; baseline 0.003 -5"><span class='ocrx_word' id='word_1_10' title='bbox 939 2884 2163 2970; x_wconf 86' lang='lat' dir='ltr'><strong>ARGUMENTUM.</strong></span> 
     </span>
    </p>
   </div>
   <div class='ocr_carea' id='block_1_6' title="bbox 559 3001 2531 4081">
    <p class='ocr_par' dir='ltr' id='par_1_6' title="bbox 559 3001 2531 4081">
     <span class='ocr_line' id='line_1_7' title="bbox 577 3001 2529 3148; baseline -0.002 -9"><span class='ocrx_word' id='word_1_11' title='bbox 577 3001 681 3140; x_wconf 85' lang='lat' dir='ltr'><strong>P</strong></span> <span class='ocrx_word' id='word_1_12' title='bbox 683 3091 926 3136; x_wconf 64' lang='lat' dir='ltr'>Aaron</span> <span class='ocrx_word' id='word_1_13' title='bbox 962 3088 1179 3148; x_wconf 83' lang='lat' dir='ltr'><strong>gregem</strong></span> <span class='ocrx_word' id='word_1_14' title='bbox 1226 3087 1382 3128; x_wconf 86' lang='lat' dir='ltr'><strong>mane</strong></span> <span class='ocrx_word' id='word_1_15' title='bbox 1407 3072 1466 3128; x_wconf 84' lang='lat' dir='ltr'>in</span> <span class='ocrx_word' id='word_1_16' title='bbox 1491 3063 1681 3148; x_wconf 80' lang='lat' dir='ltr'>pascua</span> <span class='ocrx_word' id='word_1_17' title='bbox 1707 3071 1959 3129; x_wconf 66' lang='lat' dir='ltr'><strong>edustum</strong></span> <span class='ocrx_word' id='word_1_18' title='bbox 1986 3072 2081 3130; x_wconf 89' lang='lat' dir='ltr'>sub</span> <span class='ocrx_word' id='word_1_19' title='bbox 2123 3071 2359 3133; x_wconf 86' lang='lat' dir='ltr'><strong>medium</strong></span> <span class='ocrx_word' id='word_1_20' title='bbox 2386 3076 2529 3137; x_wconf 86' lang='lat' dir='ltr'>diem</span> 
     </span>
     <span class='ocr_line' id='line_1_8' title="bbox 571 3171 2530 3251; baseline -0.002 -12"><span class='ocrx_word' id='word_1_21' title='bbox 571 3184 641 3239; x_wconf 64' lang='lat' dir='ltr'>nd</span> <span class='ocrx_word' id='word_1_22' title='bbox 664 3181 871 3238; x_wconf 84' lang='lat' dir='ltr'><strong>fontem</strong></span> <span class='ocrx_word' id='word_1_23' title='bbox 900 3174 961 3231; x_wconf 85' lang='lat' dir='ltr'>in</span> <span class='ocrx_word' id='word_1_24' title='bbox 986 3192 1120 3250; x_wconf 89' lang='lat' dir='ltr'>agro</span> <span class='ocrx_word' id='word_1_25' title='bbox 1146 3172 1413 3230; x_wconf 86' lang='lat' dir='ltr'><strong>Thebano</strong></span> <span class='ocrx_word' id='word_1_26' title='bbox 1437 3171 1534 3230; x_wconf 91' lang='lat' dir='ltr'>sub</span> <span class='ocrx_word' id='word_1_27' title='bbox 1560 3172 1868 3231; x_wconf 69' lang='lat' dir='ltr'><strong>Cithaerone</strong></span> <span class='ocrx_word' id='word_1_28' title='bbox 1902 3172 2003 3251; x_wconf 87' lang='lat' dir='ltr'><strong>(cf.</strong></span> <span class='ocrx_word' id='word_1_29' title='bbox 2033 3175 2102 3231; x_wconf 90' lang='lat' dir='ltr'>ad</span> <span class='ocrx_word' id='word_1_30' title='bbox 2133 3195 2186 3233; x_wconf 79' lang='grc' dir='ltr'>ν.</span> <span class='ocrx_word' id='word_1_31' title='bbox 2222 3180 2348 3251; x_wconf 88' lang='lat'>108)</span> <span class='ocrx_word' id='word_1_32' title='bbox 2379 3198 2530 3235; x_wconf 85' lang='lat' dir='ltr'><strong>com·</strong></span> 
     </span>
     <span class='ocr_line' id='line_1_9' title="bbox 573 3272 2531 3361; baseline -0.001 -21"><span class='ocrx_word' id='word_1_33' title='bbox 573 3284 801 3361; x_wconf 81' lang='lat' dir='ltr'><strong>pulerat,</strong></span> <span class='ocrx_word' id='word_1_34' title='bbox 838 3276 937 3354; x_wconf 88' lang='lat' dir='ltr'>qui</span> <span class='ocrx_word' id='word_1_35' title='bbox 959 3285 1072 3331; x_wconf 81' lang='lat' dir='ltr'><strong>erat</strong></span> <span class='ocrx_word' id='word_1_36' title='bbox 1091 3274 1149 3331; x_wconf 91' lang='lat' dir='ltr'>in</span> <span class='ocrx_word' id='word_1_37' title='bbox 1172 3274 1314 3331; x_wconf 83' lang='lat' dir='ltr'><strong>valle</strong></span> <span class='ocrx_word' id='word_1_38' title='bbox 1338 3272 1562 3342; x_wconf 81' lang='lat' dir='ltr'>filvosa3</span> <span class='ocrx_word' id='word_1_39' title='bbox 1617 3272 1728 3351; x_wconf 85' lang='lat' dir='ltr'>ipse</span> <span class='ocrx_word' id='word_1_40' title='bbox 1767 3276 1925 3349; x_wconf 81' lang='lat' dir='ltr'>juxta</span> <span class='ocrx_word' id='word_1_41' title='bbox 1971 3276 2233 3352; x_wconf 86' lang='lat' dir='ltr'><strong>explicuit</strong></span> <span class='ocrx_word' id='word_1_42' title='bbox 2250 3349 2253 3353; x_wconf 88' lang='lat'><strong>.</strong></span> <span class='ocrx_word' id='word_1_43' title='bbox 2271 3276 2325 3335; x_wconf 84' lang='lat' dir='ltr'>se</span> <span class='ocrx_word' id='word_1_44' title='bbox 2350 3291 2403 3334; x_wconf 85' lang='lat' dir='ltr'>et</span> <span class='ocrx_word' id='word_1_45' title='bbox 2427 3277 2531 3338; x_wconf 86' lang='lat' dir='ltr'><strong>ob·-</strong></span> 
     </span>
     <span class='ocr_line' id='line_1_10' title="bbox 576 3373 2528 3453; baseline -0.002 -13"><span class='ocrx_word' id='word_1_46' title='bbox 576 3376 1053 3440; x_wconf 82' lang='lat' dir='ltr'>dormivit—160.</span> <span class='ocrx_word' id='word_1_47' title='bbox 1128 3375 1274 3433; x_wconf 87' lang='lat' dir='ltr'><strong>Ecce</strong></span> <span class='ocrx_word' id='word_1_48' title='bbox 1312 3394 1534 3453; x_wconf 84' lang='lat' dir='ltr'>magnus</span> <span class='ocrx_word' id='word_1_49' title='bbox 1567 3374 1773 3452; x_wconf 82' lang='lat' dir='ltr'><strong>serpens</strong></span> <span class='ocrx_word' id='word_1_50' title='bbox 1809 3373 1868 3431; x_wconf 87' lang='lat' dir='ltr'>in</span> <span class='ocrx_word' id='word_1_51' title='bbox 1910 3375 2064 3443; x_wconf 83' lang='lat' dir='ltr'>locis,</span> <span class='ocrx_word' id='word_1_52' title='bbox 2103 3397 2220 3453; x_wconf 87' lang='lat' dir='ltr'>quae</span> <span class='ocrx_word' id='word_1_53' title='bbox 2242 3378 2385 3436; x_wconf 82' lang='lat' dir='ltr'>circa</span> <span class='ocrx_word' id='word_1_54' title='bbox 2403 3379 2528 3437; x_wconf 88' lang='lat' dir='ltr'>fon-</span> 
     </span>
     <span class='ocr_line' id='line_1_11' title="bbox 575 3476 2529 3561; baseline 0.001 -20"><span class='ocrx_word' id='word_1_55' title='bbox 575 3495 882 3549; x_wconf 84' lang='lat' dir='ltr'><strong>temerant‚</strong></span> <span class='ocrx_word' id='word_1_56' title='bbox 924 3476 1187 3557; x_wconf 79' lang='lat' dir='ltr'><strong>paludofis</strong></span> <span class='ocrx_word' id='word_1_57' title='bbox 1230 3478 1406 3534; x_wconf 84' lang='lat' dir='ltr'>aestum</span> <span class='ocrx_word' id='word_1_58' title='bbox 1451 3479 1625 3535; x_wconf 87' lang='lat' dir='ltr'><strong>levare</strong></span> <span class='ocrx_word' id='word_1_59' title='bbox 1660 3478 1848 3535; x_wconf 84' lang='lat' dir='ltr'>solitus</span> <span class='ocrx_word' id='word_1_60' title='bbox 1892 3480 2202 3538; x_wconf 84' lang='lat' dir='ltr'>advolvitur</span> <span class='ocrx_word' id='word_1_61' title='bbox 2243 3496 2296 3539; x_wconf 87' lang='lat' dir='ltr'>et</span> <span class='ocrx_word' id='word_1_62' title='bbox 2334 3484 2529 3561; x_wconf 84' lang='lat' dir='ltr'>pastori</span> 
     </span>
     <span class='ocr_line' id='line_1_12' title="bbox 580 3584 2529 3651; baseline -0.002 -3"><span class='ocrx_word' id='word_1_63' title='bbox 580 3589 747 3648; x_wconf 86' lang='lat' dir='ltr'>iratus</span> <span class='ocrx_word' id='word_1_64' title='bbox 767 3587 1117 3647; x_wconf 83' lang='lat' dir='ltr'>imminet—1</span> <span class='ocrx_word' id='word_1_65' title='bbox 1133 3588 1241 3651; x_wconf 73' lang='lat'>803</span> <span class='ocrx_word' id='word_1_66' title='bbox 1278 3602 1404 3641; x_wconf 86' lang='lat' dir='ltr'>cum</span> <span class='ocrx_word' id='word_1_67' title='bbox 1432 3584 1569 3643; x_wconf 88' lang='lat' dir='ltr'><strong>forte</strong></span> <span class='ocrx_word' id='word_1_68' title='bbox 1593 3585 1807 3644; x_wconf 88' lang='lat' dir='ltr'>fortuna</span> <span class='ocrx_word' id='word_1_69' title='bbox 1834 3586 2047 3645; x_wconf 89' lang='lat' dir='ltr'>Culicis</span> <span class='ocrx_word' id='word_1_70' title='bbox 2072 3588 2257 3645; x_wconf 87' lang='lat' dir='ltr'><strong>aculeo</strong></span> <span class='ocrx_word' id='word_1_71' title='bbox 2297 3587 2354 3644; x_wconf 91' lang='lat' dir='ltr'>in</span> <span class='ocrx_word' id='word_1_72' title='bbox 2379 3588 2529 3645; x_wconf 88' lang='lat' dir='ltr'>oculi</span> 
     </span>
     <span class='ocr_line' id='line_1_13' title="bbox 575 3688 2525 3767; baseline -0.003 -18"><span class='ocrx_word' id='word_1_73' title='bbox 575 3692 782 3767; x_wconf 74' lang='lat' dir='ltr'>angulo</span> <span class='ocrx_word' id='word_1_74' title='bbox 807 3690 975 3747; x_wconf 83' lang='lat' dir='ltr'>infixo</span> <span class='ocrx_word' id='word_1_75' title='bbox 998 3688 1393 3765; x_wconf 64' lang='lat' dir='ltr'><strong>expergefafius</strong></span> <span class='ocrx_word' id='word_1_76' title='bbox 1441 3708 1510 3745; x_wconf 83' lang='lat' dir='ltr'>ex</span> <span class='ocrx_word' id='word_1_77' title='bbox 1558 3688 1745 3747; x_wconf 89' lang='lat' dir='ltr'>somno</span> <span class='ocrx_word' id='word_1_78' title='bbox 1785 3689 1957 3766; x_wconf 87' lang='lat' dir='ltr'>pastor</span> <span class='ocrx_word' id='word_1_79' title='bbox 2001 3709 2160 3746; x_wconf 85' lang='lat' dir='ltr'>manu</span> <span class='ocrx_word' id='word_1_80' title='bbox 2207 3689 2425 3766; x_wconf 87' lang='lat' dir='ltr'>quidem</span> <span class='ocrx_word' id='word_1_81' title='bbox 2452 3689 2525 3743; x_wconf 87' lang='lat' dir='ltr'>ad</span> 
     </span>
     <span class='ocr_line' id='line_1_14' title="bbox 565 3790 2527 3867; baseline -0.001 -14"><span class='ocrx_word' id='word_1_82' title='bbox 565 3796 762 3853; x_wconf 73' lang='lat' dir='ltr'>vulnus</span> <span class='ocrx_word' id='word_1_83' title='bbox 801 3794 979 3852; x_wconf 82' lang='lat' dir='ltr'><strong>delata</strong></span> <span class='ocrx_word' id='word_1_84' title='bbox 1017 3790 1263 3849; x_wconf 86' lang='lat' dir='ltr'>miserum</span> <span class='ocrx_word' id='word_1_85' title='bbox 1291 3792 1543 3850; x_wconf 88' lang='lat' dir='ltr'>Culicem</span> <span class='ocrx_word' id='word_1_86' title='bbox 1593 3792 1782 3852; x_wconf 85' lang='lat' dir='ltr'>attritu</span> <span class='ocrx_word' id='word_1_87' title='bbox 1825 3792 2109 3858; x_wconf 84' lang='lat' dir='ltr'><strong>interimit,</strong></span> <span class='ocrx_word' id='word_1_88' title='bbox 2172 3790 2527 3867; x_wconf 80' lang='lat' dir='ltr'>vigilantibus</span> 
     </span>
     <span class='ocr_line' id='line_1_15' title="bbox 565 3887 2520 3976; baseline -0.002 -18"><span class='ocrx_word' id='word_1_89' title='bbox 565 3887 750 3959; x_wconf 84' lang='lat' dir='ltr'><strong>tamen</strong></span> <span class='ocrx_word' id='word_1_90' title='bbox 775 3895 944 3958; x_wconf 80' lang='lat' dir='ltr'>oculis</span> <span class='ocrx_word' id='word_1_91' title='bbox 966 3893 1293 3976; x_wconf 72' lang='lat' dir='ltr'>prospiciens</span> <span class='ocrx_word' id='word_1_92' title='bbox 1318 3898 1608 3975; x_wconf 84' lang='lat' dir='ltr'>serpentem</span> <span class='ocrx_word' id='word_1_93' title='bbox 1652 3898 1751 3958; x_wconf 88' lang='lat' dir='ltr'>fibi</span> <span class='ocrx_word' id='word_1_94' title='bbox 1792 3898 2083 3954; x_wconf 85' lang='lat' dir='ltr'>minantem</span> <span class='ocrx_word' id='word_1_95' title='bbox 2117 3894 2331 3973; x_wconf 84' lang='lat' dir='ltr'>aspicit.</span> <span class='ocrx_word' id='word_1_96' title='bbox 2410 3895 2520 3955; x_wconf 82' lang='lat' dir='ltr'><strong>Ita·</strong></span> 
     </span>
     <span class='ocr_line' id='line_1_16' title="bbox 559 3996 2522 4081; baseline -0.002 -21"><span class='ocrx_word' id='word_1_97' title='bbox 559 4021 674 4081; x_wconf 87' lang='lat' dir='ltr'>que</span> <span class='ocrx_word' id='word_1_98' title='bbox 696 4002 851 4059; x_wconf 84' lang='lat' dir='ltr'>exilit</span> <span class='ocrx_word' id='word_1_99' title='bbox 874 4014 929 4058; x_wconf 86' lang='lat' dir='ltr'>et</span> <span class='ocrx_word' id='word_1_100' title='bbox 952 4015 1160 4079; x_wconf 88' lang='lat' dir='ltr'><strong>arrepto</strong></span> <span class='ocrx_word' id='word_1_101' title='bbox 1184 4016 1375 4059; x_wconf 84' lang='lat' dir='ltr'><strong>trunco</strong></span> <span class='ocrx_word' id='word_1_102' title='bbox 1395 4001 1691 4079; x_wconf 77' lang='lat' dir='ltr'><strong>serpentem</strong></span> <span class='ocrx_word' id='word_1_103' title='bbox 1718 3999 2162 4062; x_wconf 56' lang='lat' dir='ltr'>trucidat-200.</span> <span class='ocrx_word' id='word_1_104' title='bbox 2234 3996 2420 4055; x_wconf 67' lang='lat' dir='ltr'>Noste</span> <span class='ocrx_word' id='word_1_105' title='bbox 2445 3999 2522 4071; x_wconf 67' lang='lat' dir='ltr'>se,</span> 
     </span>
    </p>
   </div>
   <div class='ocr_carea' id='block_1_7' title="bbox 557 4169 2518 4437">
    <p class='ocr_par' dir='ltr' id='par_1_7' title="bbox 557 4169 2518 4437">
     <span class='ocr_line' id='line_1_17' title="bbox 634 4169 2518 4238; baseline -0.002 -19"><span class='ocrx_word' id='word_1_106' title='bbox 634 4174 667 4203; x_wconf 53' lang='grc' dir='ltr'><strong>θ</strong></span> <span class='ocrx_word' id='word_1_107' title='bbox 701 4171 961 4221; x_wconf 76' lang='lat' dir='ltr'><strong>Petaviano</strong></span> <span class='ocrx_word' id='word_1_108' title='bbox 1013 4172 1168 4221; x_wconf 78' lang='lat' dir='ltr'>codici</span> <span class='ocrx_word' id='word_1_109' title='bbox 1224 4171 1502 4238; x_wconf 69' lang='lat' dir='ltr'>praescripta</span> <span class='ocrx_word' id='word_1_110' title='bbox 1598 4180 1630 4205; x_wconf 77' lang='lat'>‘⁶</span> <span class='ocrx_word' id='word_1_111' title='bbox 1653 4169 1783 4221; x_wconf 76' lang='lat' dir='ltr'>viani</span> <span class='ocrx_word' id='word_1_112' title='bbox 1803 4170 1999 4220; x_wconf 82' lang='lat' dir='ltr'>Caesaris</span> <span class='ocrx_word' id='word_1_113' title='bbox 2020 4172 2221 4237; x_wconf 82' lang='lat' dir='ltr'>Augusti</span> <span class='ocrx_word' id='word_1_114' title='bbox 2239 4170 2405 4219; x_wconf 83' lang='lat' dir='ltr'>mundi</span> <span class='ocrx_word' id='word_1_115' title='bbox 2424 4171 2518 4216; x_wconf 82' lang='lat' dir='ltr'>Im-</span> 
     </span>
     <span class='ocr_line' id='line_1_18' title="bbox 557 4233 2509 4302; baseline -0.003 -17"><span class='ocrx_word' id='word_1_116' title='bbox 557 4247 706 4285; x_wconf 76' lang='lat' dir='ltr'><strong>erant</strong></span> <span class='ocrx_word' id='word_1_117' title='bbox 740 4236 870 4284; x_wconf 73' lang='lat' dir='ltr'>haecz</span> <span class='ocrx_word' id='word_1_118' title='bbox 920 4244 954 4267; x_wconf 78' lang='lat'>‘⁸</span> <span class='ocrx_word' id='word_1_119' title='bbox 978 4240 1241 4285; x_wconf 60' lang='lat' dir='ltr'><strong>Poetarum</strong></span> <span class='ocrx_word' id='word_1_120' title='bbox 1262 4240 1504 4302; x_wconf 69' lang='lat' dir='ltr'>sapientis·</span> <span class='ocrx_word' id='word_1_121' title='bbox 1600 4246 1635 4271; x_wconf 85' lang='lat'><strong>“</strong></span> <span class='ocrx_word' id='word_1_122' title='bbox 1658 4239 1904 4301; x_wconf 69' lang='lat' dir='ltr'>pez-aroris,</span> <span class='ocrx_word' id='word_1_123' title='bbox 1933 4238 2167 4300; x_wconf 82' lang='lat' dir='ltr'>juvenalis</span> <span class='ocrx_word' id='word_1_124' title='bbox 2188 4236 2288 4286; x_wconf 82' lang='lat' dir='ltr'>ludi</span> <span class='ocrx_word' id='word_1_125' title='bbox 2308 4233 2509 4283; x_wconf 72' lang='lat' dir='ltr'><strong>libellus.</strong></span> 
     </span>
     <span class='ocr_line' id='line_1_19' title="bbox 557 4299 2513 4437; baseline 0.001 -87"><span class='ocrx_word' id='word_1_126' title='bbox 557 4307 596 4332; x_wconf 80' lang='lat'>‘⁶</span> <span class='ocrx_word' id='word_1_127' title='bbox 612 4299 744 4361; x_wconf 70' lang='lat' dir='ltr'>fimi,</span> <span class='ocrx_word' id='word_1_128' title='bbox 794 4302 848 4349; x_wconf 80' lang='lat' dir='ltr'>P.</span> <span class='ocrx_word' id='word_1_129' title='bbox 864 4302 926 4350; x_wconf 88' lang='lat' dir='ltr'>V.</span> <span class='ocrx_word' id='word_1_130' title='bbox 943 4303 1023 4351; x_wconf 89' lang='lat' dir='ltr'>M.</span> <span class='ocrx_word' id='word_1_131' title='bbox 1036 4301 1340 4366; x_wconf 70' lang='lat' dir='ltr'>condiscipuli</span> <span class='ocrx_word' id='word_1_132' title='bbox 1358 4304 1504 4353; x_wconf 67' lang='lat' dir='ltr'><strong>Oe&#39;ta-</strong></span> <span class='ocrx_word' id='word_1_133' title='bbox 1599 4310 1633 4334; x_wconf 79' lang='lat'>‘⁶</span> <span class='ocrx_word' id='word_1_134' title='bbox 1653 4302 1823 4423; x_wconf 56' lang='lat' dir='ltr'>gxcizpit</span> <span class='ocrx_word' id='word_1_135' title='bbox 1841 4300 2047 4352; x_wconf 19' lang='lat' dir='ltr'>&#39;Culexs’</span> <span class='ocrx_word' id='word_1_136' title='bbox 2188 4344 2195 4349; x_wconf 95' lang='lat'><em>.</em></span> <span class='ocrx_word' id='word_1_137' title='bbox 2318 4376 2513 4437; x_wconf 61' lang='lat' dir='ltr'><strong>(luente</strong></span> 
     </span>
    </p>
   </div>
  </div>
 </body>
</html>
