3225 5200
389 491 394 506 ’
490 497 943 578 CATALECTA.

241 705 443 796 Premente,
467 701 556 798 dura
572 663 695 771 volnus
711 697 831 770 ederet
841 696 942 794 juba.

243 842 425 912 Cremona
442 835 584 930 frigida,
608 851 644 906 et
656 831 767 908 lutosa
785 832 916 918 Gallia,

244 973 332 1044 Tibi
348 973 427 1043 haec
445 969 558 1056 fuisse,
583 986 620 1040 et
637 966 714 1054 esse,
739 963 976 1063 cognitiffima

244 1108 312 1178 Ait
327 1105 478 1176 Sabinus
495 1137 506 1186 ς
531 1103 660 1174 ultima
676 1126 720 1174 ex
737 1100 874 1197 origine

245 1239 327 1311 Tua
343 1208 576 1314 stetissedicit
593 1231 630 1304 in
647 1233 827 1328 uoragine,

246 1374 327 1446 Tua
342 1371 379 1442 in
395 1368 526 1466 palude
542 1363 739 1464 deposuisse
756 1365 918 1451 sarcinas,

246 1507 297 1580 Et
314 1507 397 1579 inde
413 1521 548 1598 torpet
564 1498 720 1574 orbitosa
737 1498 852 1572 millia

247 1641 383 1738 Jugum
401 1636 537 1712 tulisse:
564 1635 667 1720 laeva,
692 1634 762 1706 five
779 1633 922 1708 dextera

247 1773 448 1868 *stringere
463 1769 591 1856 mulas,
615 1769 685 1842 srve
702 1785 892 1867 utrumque
909 1785 1078 1868 coeperat.

100 1911 102 1984 1
204 1991 207 2004 ¹
246 1903 374 2001 Neque
390 1903 464 1974 ulla
477 1920 561 1973 vota
577 1898 795 1974 semitalibus
812 1901 887 1974 deis
1180 1925 1228 1979 20

247 2098 370 2175 gendum
390 2098 507 2174 attodffl.
544 2096 655 2155 Mox'v.
677 2114 707 2155 11
761 2095 847 2174 idque
866 2096 987 2176 Scaliger
999 2097 1106 2162 docuit,
1127 2111 1155 2156 et
1174 2096 1226 2154 du·

248 2176 489 2252 produra,ad1ssa
509 2171 602 2232 Heius.
616 2174 690 2249 conj.
702 2195 712 2241 ;
762 2173 829 2231 dum
852 2175 881 2232 iu
904 2191 970 2246 vett.
996 2175 1073 2242 edd,
1099 2190 1129 2232 ut
1152 2176 1225 2233 Ven.

249 2269 301 2310 nec
323 2245 475 2382 110111111ἒὶ1
493 2248 711 2307 accommodate:
766 2251 851 2326 1486,
860 2253 1008 2329 expressum
1019 2251 1146 2310 vidimus.
1169 2255 1227 2310 Ac-

249 2328 391 2386 nonenim
402 2327 433 2402 ju
453 2345 468 2382 a
481 2326 525 2383 sed
535 2327 637 2385 collum
647 2326 713 2384 adu·
762 2326 920 2404 cipiendum
933 2344 1024 2387 tamen
1039 2328 1153 2387 hicnon
1168 2343 1224 2386 tarn

249 2405 319 2462 titur
329 2403 423 2462 attritu
440 2402 521 2476 jubae.
762 2423 812 2480 pro
825 2404 1039 2492 interquiescere,
1060 2406 1226 2464 sedomnino

288 2502 334 2557 ¹3·
352 2502 395 2557 ¹4·
417 2477 712 2558 sibihaersusseeeeffe
762 2500 817 2558 ptae
835 2501 923 2539 macte
941 2484 984 2540 vel
1002 2481 1093 2539 inedia
1112 2484 1225 2542 deficere

239 2557 412 2638 cogniriffima,
449 2559 496 2617 Art
522 2556 642 2625 Sabinus,
673 2557 714 2617 ul·
762 2557 876 2627 viribus,
892 2574 920 2619 ut
934 2560 1023 2636 rbodae
1036 2559 1226 2619 ducendaeim·

245 2646 307 2695 rima
332 2660 364 2693 ex
391 2644 492 2715 origine.
542 2633 586 2690 Ita
617 2634 712 2693 distin·
762 2634 994 2713 paresbigaesmt.
1033 2635 1118 2694 Nunc
1134 2654 1223 2696 autem

244 2728 334 2788 guunt
357 2714 415 2775 alii.
456 2712 551 2769 Altera
574 2711 646 2769 tatio
668 2705 712 2769 sir-
761 2730 812 2769 nec
825 2711 1153 2780 minusmaniseslumell,
1173 2716 1225 2773 etia

245 2804 336 2847 martur
360 2790 485 2867 exemplo
501 2786 619 2853 Catulli,
638 2788 713 2863 quod
762 2808 805 2845 am
813 2784 1223 2865 reliquasiccoastituendaeffe:

245 2866 374 2943 sequutus
392 2867 467 2924 estv.
496 2884 602 2941 14.15.
643 2866 713 2921 Sunt
762 2864 914 2941 Iaeva,stve
923 2869 1027 2925 dextera
1039 2870 1153 2947 Strigart
1168 2894 1224 2928 11111-

244 2958 337 2999 autern
350 2940 397 2998 illa
408 2940 560 3020 appellandi
575 2940 639 2998 casu
651 2940 712 2999 dic·
762 2942 802 3010 Ia,
814 2944 878 3017 five
888 2959 993 3023 utraque
1003 2960 1118 3020 caperat.
1138 2945 1223 3023 Qud

244 3034 273 3075 ta
284 3038 293 3075 ε
305 3020 345 3152 6Ο
357 3020 477 3078 Cremona
489 3032 542 3075 etc.
763 3018 854 3075 media
874 3020 904 3077 in
926 3036 1032 3098 utraque
1055 3022 1225 3097 producitur,

287 3116 297 3153 1
324 3138 332 3153 .
361 3098 390 3153 de
429 3102 456 3152 ui
474 3119 498 3163 1,

244 3101 621 3244 11111111111111111,1111113.
641 3172 712 3247 depo·
762 3172 892 3248 exemplis
922 3172 994 3229 idem
1027 3173 1137 3229 edoslos
1167 3196 1223 3232 non

236 3250 342 3327 fiffeex
356 3250 508 3327 depostvffl.
538 3247 713 3311 Γ1111111111
763 3248 834 3304 male
853 3246 973 3305 habebit.
1014 3249 1044 3305 81
1069 3250 1115 3305 cui
1136 3264 1225 3309 tamen

240 3326 346 3400 palude,
359 3324 494 3403 paludosis
506 3322 584 3381 iocis.
705 3368 707 3373 .
762 3323 933 3382 intolerabile
943 3324 996 3382 boc
1007 3325 1141 3396 videatur,
1154 3329 1226 3407 leget

289 3402 388 3480 17sqq·
402 3398 710 3481 Qomodoalii‚eriam
731 3420 738 3438 ¹
761 3411 887 3480 utrinque,
906 3402 948 3459 vel
974 3422 1036 3459 cum
1061 3404 1121 3461 vito
1143 3404 1225 3463 docio

242 3479 293 3555 qui
314 3478 503 3545 emendarunt,
528 3476 712 3535 intellexerint
760 3478 833 3554 apud
856 3478 948 3538 Burm.
972 3480 1036 3557 five
1055 3497 1224 3561 1111111111-

242 3555 349 3621 locum,
363 3556 454 3611 dicere
465 3552 625 3611 nonhabeo
645 3554 712 3611 Sen-
756 3570 860 3631 perant.

244 3632 331 3690 tentia
352 3631 462 3688 videtur
481 3632 531 3687 esse
546 3629 623 3686 haec:
644 3648 712 3706 quo·
800 3652 848 3691 20.
870 3652 915 3691 zr.
936 3650 982 3690 22.
1011 3635 1225 3693 ΧΤ11111111111111

244 3706 296 3769 ties
321 3709 405 3765 altera
427 3707 469 3763 vel
497 3723 612 3794 utraque
638 3705 711 3762 mula
760 3710 855 3779 omnia
878 3710 994 3768 molioni
1013 3714 1106 3769 cesstsse
1123 3712 1173 3776 ait,
1194 3728 1224 3769 ut

243 3785 392 3851 defecerat,
417 3784 538 3840 demtum
559 3783 593 3839 iu
613 3782 710 3859 jugum
760 3804 794 3842 ne
815 3800 879 3841 vota
897 3786 1007 3860 quidem
1029 3788 1083 3843 diis
1100 3789 1224 3855 vialibur,

243 3862 386 3940 permulta
398 3860 485 3917 millia
493 3859 638 3916 mulionem
649 3878 711 3935 por·
759 3860 861 3928 11111111,
886 3879 1004 3936 unquam
1023 3863 1153 3939 suscipere
1177 3883 1225 3921 ne·

243 3940 306 3995 tasse
331 3957 365 3995 ex
386 3935 504 3993 humeris
525 3935 585 3993 suia.
625 3937 712 3993 Acer·
760 3938 826 3994 cesse
844 3936 964 4002 luberet,
984 3958 1033 3995 nec
1048 3940 1132 3997 ullum
1145 3942 1225 3999 susci·
1249 3950 1251 3953 ’

243 4012 315 4072 bitas
337 4014 423 4089 igitur
443 4029 471 4071 et
494 4012 524 4071 in
547 4012 612 4080 hoc,
637 4012 712 4091 quod
759 4029 846 4089 peret,
867 4016 1024 4089 preterhoc
1044 4017 1224 4087 novissimum,

244 4092 330 4149 mulas
354 4090 423 4151 maie
436 4105 541 4146 curatas
558 4108 619 4147 eum
633 4087 713 4165 egisse
762 4102 831 4165 qno,
844 4104 912 4146 'arte
936 4091 1081 4149 mulionica
1095 4094 1224 4171 deposta,

239 4180 346 4237 narrat.
393 4167 509 4247 Strrgme
521 4186 571 4243 pro
584 4163 712 4242 stringere
760 4166 818 4241 ejus
838 4167 902 4223 artis
914 4166 1096 4239 instrumenta,
1109 4173 1226 4231 habenas

242 4244 292 4303 esse
301 4242 459 4319 legendum,
486 4242 710 4308 mmiseslumesl,
760 4256 786 4299 et
797 4243 940 4321 peslinem,
953 4250 1223 4308 exmorededicavir.

279 4318 468 4383 Tunius
872 4340 892 4377 n
1166 4326 1228 4382 Sole

531 3106 578 3151 aut
603 3104 712 3150 contra·
762 3094 835 3161 aliis,
853 3097 899 3153 etti
920 3097 1049 3153 seriorum
1069 3105 1224 3173 poetarum,
