3225 5200
414 561 484 618 220
693 533 1112 607 PROOEMIUM

411 728 527 801 herbis
545 727 624 799 oleo
640 744 811 820 acetoque
829 726 1042 810 confectum,
1066 747 1140 820 quo
1165 724 1388 802 stomachum

410 854 561 926 vellicet.
613 853 736 948 ltaque
754 851 880 924 malim
896 853 1014 925 dicere
1032 852 1165 944 describi
1180 853 1235 922 hoc
1251 857 1391 924 carmine

404 983 545 1076 primam
562 979 627 1048 diei
644 993 771 1072 partem
795 981 875 1048 vitae
898 979 1030 1070 rustica.
1082 977 1246 1073 Suspicor
1260 983 1386 1059 ’autem

351 1077 353 1080 ¹
407 1116 469 1170 aut
486 1097 723 1196 fragmentum
741 1123 804 1170 nos
820 1115 961 1170 tautum
985 1099 1112 1171 habere
1137 1099 1280 1196 majoris
1307 1125 1386 1172 car-

406 1223 527 1310 minis,
537 1247 609 1317 quo
620 1199 736 1293 totum
747 1246 836 1316 opus
848 1220 1015 1294 diurnum
1028 1223 1284 1316 exponebatur:
1301 1248 1386 1294 nam

407 1340 472 1414 sub
485 1342 513 1414 f,
527 1344 565 1413 in
577 1367 704 1440 agrum
716 1343 761 1414 ad
773 1341 942 1412 arandum
954 1343 1117 1437 procedit
1128 1343 1283 1415 Simulus
1296 1381 1307 1428 ;
1324 1363 1386 1417 aut

407 1463 593 1534 succeffiffe
608 1464 710 1557 plura
726 1461 864 1556 idyllia,
881 1486 962 1556 quae
979 1483 1123 1534 caeteras
1136 1464 1253 1535 rustici
1264 1467 1384 1559 operia

406 1601 523 1679 partes
548 1596 813 1678 exequerentun
863 1581 999 1652 Sufficit
1025 1583 1195 1676 Idyllium
1218 1585 1286 1656 hoc
1317 1585 1386 1658 elle

406 1731 451 1780 ex
468 1705 739 1802 elegantissimis,
763 1704 860 1800 quod
871 1703 998 1802 majori
1015 1708 1218 1802 eclogarum
1233 1705 1384 1802 virgili.

407 1851 554 1900 auarum
579 1827 673 1921 parti
699 1827 901 1924 praeferam,
930 1829 967 1898 in
985 1829 1114 1922 quibus
1132 1828 1316 1904 sententiae
1338 1852 1384 1902 ex

408 1950 603 2021 Theocrito
620 1965 789 2018 mutuatae
805 1968 1089 2020 annumerantur.
1114 1949 1192 2020 Nisr
1210 1948 1299 2020 sorte
1314 1949 1384 2020 hu-

402 2072 461 2171 jus
478 2073 651 2167 poe'matii
667 2073 786 2144 auctor
811 2091 845 2143 et
862 2073 972 2167 ipsee
993 2073 1131 2145 Graecis
1148 2073 1206 2145 sua
1227 2075 1381 2170 accepit.

409 2195 513 2268 Certe
527 2193 660 2267 Voffius
673 2193 709 2263 iu
720 2193 783 2262 lib.
796 2191 967 2288 dopoiitis
986 2193 1050 2264 Gr.
1064 2193 1236 2287 prodidit,
1251 2194 1288 2264 in
1300 2195 1382 2267 cod.

247 2329 249 2332 ’
311 2399 318 2405 ,
407 2319 573 2393 Ambros.
608 2317 751 2388 Moreto
780 2317 924 2412 Virgilii
952 2317 1018 2388 elle
1045 2316 1219 2413 adscripta
1252 2319 1381 2392 verba:

321 2471 323 2480 ¹
409 2435 604 2508 Parthenius
622 2423 922 2537 Morelnmscripstt
939 2442 972 2508 in
989 2439 1108 2526 Graeco,
1123 2466 1212 2535 quem
1231 2443 1383 2538 Wrgitnr

409 2563 552 2634 imitatas
567 2561 620 2653 est.
672 2557 765 2655 Qae
783 2583 923 2631 resnou
940 2561 1032 2633 adeo
1055 2562 1303 2658 improbabilis
1328 2565 1382 2637 vi·
1464 2660 1468 2667 Ι

407 2687 483 2757 deri
494 2687 611 2773 debet,
623 2710 707 2757 cum
722 2686 841 2780 po'e'tae
852 2688 1051 2759 anteetsub
1062 2688 1382 2784 Augusteosaeculo

406 2811 443 2880 in
455 2808 592 2879 Graecis
604 2807 779 2878 vertendis
791 2827 930 2879 tantum
944 2810 1099 2882 studium
1111 2810 1380 2883 consumserint.

406 2929 551 3027 Qodfi
566 2930 684 3024 itaque
699 2955 719 3001 a
732 2931 942 3002 Maroniana
957 2932 1127 3017 oratioue,
1139 2956 1247 3027 quam
1258 2934 1296 3003 iu
1309 2934 1381 3005 Bu-

294 3144 296 3156 ¹
405 3030 530 3123 colicii
547 3036 717 3137 tenemus,
734 3051 846 3121 aliena
863 3052 911 3122 est
923 3051 1060 3123 indoles
1073 3052 1219 3139 Morou,
1237 3052 1301 3123 nist
1313 3054 1381 3125 alia

327 3251 330 3255 ,
405 3173 486 3260 fint,
509 3194 590 3266 quae
606 3170 650 3241 ad
667 3170 777 3241 alium
794 3171 971 3244 auctorem
988 3196 1052 3243 nos
1068 3192 1209 3259 vocant,
1232 3174 1300 3245 hoc
1315 3198 1381 3269 per

404 3294 440 3364 se
451 3287 676 3365 mirationem
693 3316 763 3363 non
782 3293 879 3379 facit,
890 3293 916 3364 fi
929 3294 1075 3390 quidem
1092 3319 1135 3376 cn
1153 3294 1285 3366 Graeco
1301 3313 1381 3369 tan,

404 3431 483 3485 tum
495 3410 665 3504 conversa
682 3410 759 3491 haec
778 3412 881 3496 sunt..
909 3412 1070 3485 Versatur
1086 3432 1206 3487 autem
1222 3416 1328 3511 poita
1340 3418 1378 3490 in

405 3560 446 3607 eo
462 3535 618 3630 poiitices
632 3558 770 3629 genere,
786 3535 882 3629 quod
899 3536 943 3607 ad
960 3537 1098 3607 animos
1113 3540 1282 3611 tenendos
1298 3564 1380 3610 om-

402 3660 504 3729 nium
515 3640 1381 3754 minimeaccommodatumeffe,nuperviridotti

401 3782 666 3855 contenderunt.
718 3780 828 3877 Qod
858 3782 951 3853 rene
977 3781 1012 3853 se
1040 3782 1225 3879 judicium
1251 3782 1380 3858 habere

402 3906 519 3976 nullus
537 3904 673 3990 dubito,
689 3903 714 3974 fi
732 3904 770 3973 in
787 3903 874 3975 orbe
891 3928 1010 3975 rerum
1021 3903 1157 3999 vulgari
1173 3918 1234 3973 aut
1252 3901 1289 3971 iu
1306 3898 1381 3973 sor-

401 4028 507 4099 dibus
534 4029 629 4117 vitae,
656 4028 766 4125 iisque
783 4028 896 4114 rebus,
922 4052 1073 4123 quarum
1091 4024 1275 4119 adspectus
1293 4047 1382 4093 nau-

398 4148 494 4219 seam
506 4148 602 4235 facit,
615 4148 804 4243 descriptio
816 4145 994 4231 versetur;
1019 4145 1117 4217 autsr
1134 4142 1380 4239 expectatione

401 4267 487 4365 ejuS,
510 4270 597 4367 quid
608 4294 652 4353 ex
669 4267 851 4366 sigillatim
862 4269 1046 4368 descriptis
1064 4268 1167 4353 rebus
1182 4263 1384 4363 proventu÷

1297 4408 1381 4458 rum
