3225 5200
519 499 946 623 Moturum
1166 568 1231 646 ,ῃ

250 730 411 828 Exiguus
428 729 553 826 spoti0‚
572 731 676 802 variis
694 731 753 803 sed
773 731 897 804 fertilis
912 732 1042 805 herbis.

250 871 335 942 Non
353 870 405 942 illi
421 869 552 956 deerat,
570 868 665 963 quod
681 869 845 964 pauperis
863 868 977 966 exigit
993 869 1084 942 usus.

249 1004 472 1078 *Interdum
490 1002 648 1097 locuples
661 1029 681 1074 a
693 1025 847 1098 paupere
858 1004 959 1097 plura
973 1004 1149 1098 petebat*
1181 1007 1227 1100 65

251 1150 353 1223 *Nec
367 1145 501 1217 sumtus
517 1162 592 1214 erat
608 1142 697 1214 illud
712 1167 812 1236 opus.
863 1144 932 1215 Sed
944 1148 1068 1243 regula
1083 1174 1180 1226 curae
1191 1156 1232 1223 ε·

251 1281 447 1378 Siquando
461 1301 613 1350 vacuum
630 1275 744 1348 casula
760 1276 937 1370 pluviaeve
953 1284 1133 1372 tenebant,

252 1419 394 1490 Festave
410 1416 492 1494 lux;
517 1411 542 1481 fi
560 1413 651 1482 sorte
666 1409 764 1480 labor
781 1408 930 1480 cessabat
946 1430 1060 1485 aratro
1073 1442 1091 1486 :⁴
1188 1419 1193 1425 '

251 1551 363 1625 Horti
380 1573 467 1646 opus
485 1546 574 1638 illud
591 1563 678 1617 erut.
726 1543 847 1615 Varias
864 1535 1041 1639 deponere
1056 1549 1194 1644 plantas

252 1690 377 1776 Norat,
394 1705 427 1760 et
442 1684 594 1758 occultae
610 1680 836 1752 committere
852 1678 985 1752 semina
1000 1698 1116 1774 terrae,
1180 1709 1228 1782 70

250 1831 464 1928 Vicinosque
480 1845 562 1924 apte
579 1849 662 1899 cura
678 1824 883 1896 submittere
898 1826 1004 1896 rivos.

249 1966 326 2038 Hic
342 1968 431 2051 olus,
445 1963 503 2034 hic
522 1963 591 2032 late
609 1958 796 2030 fundentes
812 1957 955 2028 brachia
969 1959 1073 2047 betae,

252 2097 507 2191 Fecundusque
542 2118 681 2181 rumex,
716 2092 926 2184 malvaeque,
958 2092 1136 2190 inulaeque
1173 2098 1230 2170 vi.

397 2233 518 2305 rebant
525 2269 535 2316 ς

252 2441 304 2490 edd.
317 2443 399 2510 calmet
415 2439 536 2489 acuculm
547 2436 675 2486 voluerint.
693 2438 1143 2496 rednvaarnndoexnldinadudaeffi
1158 2438 1229 2487 πᾶα

250 2518 357 2580 Scaliger
367 2528 473 2565 veterem
481 2517 621 2580 scripturam
631 2514 676 2562 else
686 2514 728 2573 ait,
745 2518 856 2570 rediviva3
868 2532 922 2578 quae
929 2529 1043 2582 perpetua
1052 2516 1229 2565 variatiolgffi.

250 2595 350 2645 onisest.
364 2594 456 2659 Vulgg.
465 2605 555 2644 etvett.
570 2593 623 2641 edd.
635 2592 843 2651 redimite-64.
854 2595 941 2642 Nirtrtt
950 2600 969 2646 d.
978 2595 1062 2644 melius
1070 2595 1113 2643 ms.
1125 2594 1227 2645 Helmst,

249 2678 322 2741 exigat
333 2672 351 2722 s.
363 2669 529 2719 {seint—6
530 2682 555 2728 5.
573 2672 678 2716 Interdum
689 2672 773 2734 locuples
783 2690 797 2715 a
806 2681 902 2734 'paupere
908 2672 1068 2735 plurapetebar.
1091 2670 1230 2719 Versumex

252 2748 361 2812 margine
371 2747 549 2811 agglutinatum
561 2745 672 2802 arbitror,
694 2760 736 2793 nec
752 2746 845 2792 sensum
855 2746 910 2792 satis
920 2762 959 2793 me
969 2746 1056 2810 asl'equi
1066 2745 1151 2794 fateor.
1185 2749 1230 2796 Αιι

251 2824 339 2872 voluit:
357 2822 480 2869 Interdum
491 2822 565 2867 ctiam
576 2819 688 2883 locuples,
698 2821 723 2869 h.
740 2837 761 2868 e.
775 2821 816 2883 qui
830 2822 946 2884 majorem
957 2822 1054 2871 hortum
1066 2823 1114 2886 ipse
1124 2822 1229 2882 dohet,

251 2899 349 2964 petebat
363 2914 377 2945 a
391 2912 503 2961 paupere,
512 2912 527 2942 a
538 2893 623 2941 colono
633 2895 688 2953 hoc,
703 2894 794 2943 Simulo
805 2896 932 2960 scil.‘quod
941 2898 990 2960 ipse
1001 2900 1025 2945 in
1037 2900 1078 2946 suo
1095 2898 1167 2946 horto
1176 2914 1227 2948 nou

251 2977 359 3024 haberet.
392 2976 439 3021 Pro
450 2977 517 3037 plora
533 2970 617 3019 saltem
635 2972 718 3019 malim
734 2975 806 3027 multa,
821 2974 884 3034 quod
898 2985 922 3021 et
933 2975 976 3021 ms.
994 2975 1094 3025 Helmst,
1113 2975 1227 3026 habehat,

250 3052 357 3101 -66.
375 3052 452 3099 Etiam
464 3051 493 3098 de
504 3050 550 3097 hoc
562 3049 630 3095 versu
638 3048 721 3096 dubito
731 3067 737 3105 ;
756 3049 867 3109 inprimis
873 3062 970 3113 propter
981 3068 1005 3100 v.
1018 3052 1065 3115 69:
1084 3068 1132 3099 non
1143 3053 1229 3103 hortus

250 3140 301 3177 erat
317 3144 377 3193 opus
387 3128 486 3184 sumtus,
501 3126 542 3173 seu
553 3124 663 3187 impensae
675 3124 699 3170 in
711 3140 766 3170 eum
777 3124 863 3178 saelae3
880 3126 919 3172 sed
931 3143 993 3174 cnrae
1004 3129 1087 3191 regula
1102 3140 1153 3175 erut
1164 3130 1227 3189 haec,

250 3218 275 3253 ut
287 3217 331 3253 etc.
367 3207 444 3251 Porro
458 3204 518 3267 huju
529 3212 577 3263 opus
595 3200 652 3247 Ald.
688 3203 722 3247 lta
733 3199 845 3261 distingui
856 3200 943 3261 podere
961 3202 1002 3250 Nec
1008 3207 1092 3261 firmem
1102 3214 1149 3251 em
1158 3206 1229 3269 hujus,

249 3294 297 3345 opus
306 3283 347 3344 sed
359 3281 430 3343 regula
448 3294 514 3333 cum,
531 3276 555 3323 h.
580 3290 623 3322 nec
645 3275 715 3338 liujus
733 3290 794 3351 turp
813 3274 896 3337 regula
912 3288 962 3324 erat
981 3279 1080 3337 sumtus,
1099 3279 1139 3326 sed
1158 3273 1229 3343 opus.

249 3360 292 3407 Sed
310 3370 335 3406 et
352 3357 389 3404 hae
409 3355 510 3418 argutiae
528 3368 612 3417 porum
632 3353 759 3416 expediunt
778 3352 874 3399 versum
891 3353 1074 3417 relinquendum
1096 3357 1232 3406 monachir,'

252 3439 302 3485 Nec
320 3434 397 3498 magis
415 3432 508 3481 Barthii
517 3432 652 3479 emendatio
669 3430 694 3477 in
711 3430 806 3477 Advers
828 3432 938 3489 XXXV,
958 3434 971 3482 8
979 3436 1021 3495 sel
1028 3435 1114 3498 reguli:
1138 3436 1197 3481 Cure
1201 3436 1230 3501 st

249 3516 325 3579 quando
346 3530 453 3559 vacuum:
477 3521 504 3559 ut
524 3508 552 3556 fit
568 3508 635 3572 Jung.
651 3526 708 3556 curae
721 3509 745 3572 ſs
760 3509 963 3573 tenebunt—69.
981 3514 1075 3574 deponere
1090 3500 1177 3574 plantas
1197 3529 1229 3560 ex

251 3590 339 3639 Aldina
349 3600 374 3637 et
385 3589 430 3635 ms.
447 3586 579 3633 Helmslud.
599 3585 691 3648 reposui
707 3597 830 3647 tamqnam
842 3584 951 3633 dodino:
969 3585 1000 3634 stc
1021 3590 1065 3635 Ge.
1086 3589 1117 3646 ll,
1134 3602 1164 3648 23
1181 3590 1229 3636 Hr'c

243 3672 332 3733 plantus
354 3678 420 3712 renero
438 3664 536 3731 abscidens
555 3664 578 3707 de
598 3671 679 3724 corpore
697 3672 787 3707 malrum
807 3662 905 3726 Deprfirit
916 3661 981 3727 sulco.
1024 3662 1106 3726 Vulgo
1121 3665 1229 3728 legiturz

246 3750 348 3811 disponere
361 3746 558 3807 plantare-70.
574 3742 646 3788 occulte
660 3750 718 3786 velt.
734 3740 798 3795 edd,
809 3740 849 3785 sed
859 3742 936 3788 occulta
946 3752 1004 3786 terra
1016 3743 1113 3804 po'e'tica
1123 3743 1228 3800 ratione,

248 3823 288 3870 seu
305 3836 358 3884 quae
378 3816 491 3873 occultat,
508 3815 556 3871 seu,
574 3814 638 3878 quod
653 3813 744 3873 malim,
762 3813 864 3859 interior
876 3813 955 3877 gleba,
970 3814 1028 3861 fossa
1047 3815 1225 3877 fadar—71.

251 3898 370 3958 Vrcr'nosque
387 3903 435 3957 apte
452 3910 502 3937 cura
511 3890 631 3957 fibmitlrre
650 3893 716 3937 rivos.
748 3889 861 3948 Langent
878 3886 934 3933 isla:
959 3900 1007 3951 apte
1025 3904 1088 3936 curo:
1113 3891 1199 3954 virque
1212 3909 1228 3941 2
1293 3918 1296 3923 .

247 3978 323 4037 poeta
333 3982 385 4018 tam
401 3966 509 4029 cleffinte
520 3962 635 4028 proficisci
653 3974 760 4026 potuere.
793 3961 932 4008 Proximum
952 3963 1009 4010 esset
1026 3983 1084 4011 ενα
1095 3967 1231 4027 fiaebmr'rrerr;

248 4046 313 4109 quod
334 4056 358 4091 ct
376 4040 457 4089 Heius.
474 4041 534 4103 conj.
570 4038 710 4087 Praeslaret:
727 4039 787 4083 cultis
795 4037 917 4097 ſsebmr'rrere
938 4042 1003 4084 rivos.
1035 4042 1069 4087 lta
1080 4042 1135 4088 culta
1146 4043 1229 4109 Virgi-

246 4123 292 4171 lius
303 4118 373 4169 dixit.
408 4116 458 4163 Nisr
468 4116 532 4183 solcis
543 4115 619 4163 malis.
654 4116 717 4160 Nam
730 4123 754 4160 et
766 4112 894 4160 horrorum
906 4123 930 4161 et
942 4112 1078 4176 plantarum
1093 4117 1150 4166 sulci
1163 4110 1228 4168 sunt.

247 4199 288 4246 Ad
303 4196 431 4258 vulgarem
448 4194 589 4257 scripturam
609 4192 706 4255 propius
720 4190 749 4236 src
768 4190 889 4238 accedeoet
907 4193 989 4252 grumis
1006 4190 1121 4243 colliculis
1136 4197 1229 4261 exiguis

246 4274 309 4325 iuter
320 4271 406 4321 sulcos.
439 4269 480 4317 Sin
502 4267 652 4319 instrumenti
673 4282 761 4316 nomen
781 4266 919 4315 ursolentius
937 4267 1031 4327 excidit,
1045 4288 1120 4319 marra
1138 4273 1230 4338 legam,

1182 4366 1231 4413 qua

821 4468 849 4505 0
