3225 5200
751 228 773 270 a,

426 499 476 575 30
558 477 601 551 P.
638 471 925 567 vinorum
974 479 1267 564 Maronis

427 674 593 748 Attalicis
609 677 740 772 opibus
755 678 836 749 data
852 678 1002 762 vellera;
1028 679 1054 751 fi
1070 681 1166 754 nitor
1182 688 1258 757 auri

427 804 502 876 Sub
516 805 673 900 laqueare
696 803 823 876 domus
834 805 996 876 animum
1013 831 1084 879 non
1100 816 1400 918 tangitbavarunta

424 933 646 1030 Pieturaeque
663 935 783 1023 decus,
805 935 967 1031 lapidum
982 963 1046 1011 nec
1064 943 1183 1040 fulgor
1198 947 1237 1018 in
1252 950 1322 1020 ulla

425 1067 598 1164 Cognitus
608 1069 759 1142 utilitate
774 1086 894 1162 manet
903 1103 915 1152 ς
939 1092 1005 1142 nec
1020 1073 1149 1165 pocula
1162 1094 1304 1177 gratum
1353 1079 1374 1152 6
1377 1100 1396 1175 5

426 1199 738 1278 Alconisreferent
752 1198 923 1296 Boitique
940 1219 1119 1287 toreuma3
1145 1230 1209 1278 nec
1223 1208 1305 1280 Indi

459 1396 501 1449 62.
520 1400 620 1448 Attalicis
631 1399 702 1446 ouibus
718 1397 779 1462 conj.
790 1397 885 1455 neiat,
899 1407 926 1445 ut
938 1395 1003 1456 alias,
1018 1399 1123 1459 Mileliis,
1137 1405 1308 1468 puto-63.
1325 1388 1401 1452 siln-

427 1484 502 1536 quem
511 1489 558 1522 una
566 1489 624 1522 voce
635 1473 697 1523 male.
706 1473 821 1536 seriptum
828 1483 885 1520 ante
893 1475 939 1518 Ge.
950 1472 1043 1522 Fabric.
1053 1486 1077 1522 et
1088 1477 1176 1540 scalig.
1194 1479 1224 1526 es.
1237 1483 1296 1529 AEn.
1307 1483 1325 1539 1,
1343 1477 1398 1541 726.

425 1549 490 1596 domos
501 1561 560 1598 vett.
573 1549 626 1598 edd.
640 1547 781 1605 constanter,
796 1562 852 1594 curn
868 1545 933 1592 Voss'.
955 1557 979 1594 et
1001 1551 1089 1608 retae,
1105 1552 1169 1614 quod
1189 1565 1214 1600 et
1233 1555 1339 1604 defendit
1349 1554 1400 1620 Jul·

427 1625 562 1690 Pompon.,
578 1636 605 1674 ut
617 1623 713 1687 antiqua
724 1621 802 1671 fornia
813 1623 849 1681 fit,
865 1638 937 1685 quam
948 1624 1068 1686 Augustus
1085 1641 1179 1690 quoque
1193 1630 1316 1694 probavit;
1345 1644 1399 1680 tum

426 1706 501 1766 tangit,
517 1701 644 1758 h.nrovet,
659 1699 770 1758 deludat,
785 1699 819 1748 est
834 1699 1048 1750 lediioBembiua:
1073 1714 1132 1754 vett.
1155 1705 1222 1764 edd,
1247 1709 1321 1757 etiam
1334 1707 1401 1767 nid,

426 1781 499 1841 angit;
515 1777 598 1824 malim
616 1791 674 1824 vero
685 1777 873 1840 interpungere:
891 1777 916 1840 st
925 1779 978 1821 nitor
988 1780 1163 1827 auri-avarum
1179 1785 1309 1847 Piauraeque
1324 1787 1400 1831 daus:

427 1856 518 1918 lapidum
529 1856 593 1916 neef.
627 1850 684 1899 Alia
695 1853 787 1900 ratione
797 1851 846 1916 Jul.
858 1855 973 1915 Pompon.
979 1857 1073 1917 pinara
1083 1857 1184 1920 lapidum,
1198 1858 1285 1923 iuquit,
1300 1872 1400 1924 propter

427 1927 808 1993 imagineomannoreaa—dq.
823 1931 846 1976 in
858 1930 902 1974 ulla
919 1930 946 1976 U.
959 1932 1055 1993 cognitus.
1073 1931 1090 1979 I.
1108 1933 1134 1980 ab
1151 1936 1306 1995 ulla.—-65.
1323 1937 1399 1998 Igneus

426 2021 474 2070 pro
483 2007 578 2068 Cognitis
586 2003 697 2052 emendat
708 2003 793 2054 Heius.
806 2002 904 2052 Advers.
918 2005 961 2061 lv,
972 2004 996 2063 8,
1012 2008 1076 2068 quod
1091 2007 1240 2072 improbabat
1254 2012 1292 2075 Jo.
1312 2011 1398 2058 Schra-

426 2081 479 2132 der.
495 2083 525 2130 ad
538 2081 658 2134 Musaeum
666 2097 690 2146 p.
701 2095 757 2141 250.
792 2083 819 2128 ln
837 2080 928 2130 schedis
944 2083 1125 2133 Heinliuealiud
1136 2087 1262 2150 proponit:
1285 2089 1401 2138 ondam

424 2159 460 2207 ita
475 2157 559 2205 Condita
570 2157 629 2222 vestis
640 2168 663 2204 et
668 2157 777 2223 fiappellex·
787 2155 926 2204 Columella
936 2160 993 2216 XII,
1009 2173 1034 2220 3.
1067 2161 1183 2210 Ovidius:
1204 2164 1298 2210 Conditor
1308 2173 1332 2210 vr
1340 2168 1401 2213 tim

422 2238 517 2299 carpitur
527 2235 625 2282 orclr'ber.
659 2235 695 2280 lta
713 2243 738 2280 et
757 2233 783 2279 h.
801 2231 819 2280 l.
837 2235 866 2280 de
878 2235 981 2296 gemmis
1000 2235 1150 2287 absconditis.
1184 2240 1305 2302 Improbat
1315 2252 1397 2289 autem

425 2311 531 2373 cognitur,
546 2308 601 2370 quia
623 2309 722 2368 incognita
740 2306 895 2370 praecefferat.
930 2311 978 2354 Pro
995 2321 1065 2356 nam
1075 2311 1197 2373 probabile
1207 2314 1235 2361 fit
1244 2313 1312 2361 surde
1322 2326 1397 2362 mouet.

423 2382 505 2431 Etiam
516 2379 555 2446 Jo.
568 2379 689 2428 Schrader.
702 2379 733 2426 fic
744 2380 805 2443 conj.
839 2400 872 2426 nec
887 2391 932 2444 poc.
947 2383 1068 2444 gratems.
1081 2384 1171 2434 Ko'rler.
1192 2398 1216 2435 et
1228 2387 1329 2436 Helrnst.
1362 2409 1397 2440 nec

419 2470 466 2524 poc.
475 2457 562 2504 Gratum
574 2465 665 2502 toreuma
677 2455 738 2518 conj.
747 2454 830 2502 Heius.
843 2468 868 2503 et
879 2456 1019 2506 Markland.
1032 2458 1130 2507 adstat.
1140 2476 1165 2524 p.
1176 2463 1325 2524 92.—-66.
1342 2470 1399 2529 refe.

421 2547 483 2594 τινας
499 2533 583 2600 quidni
593 2533 708 2596 referunt?
739 2531 775 2580 'At
788 2535 848 2580 Boiu·
868 2533 886 2582 li
903 2549 988 2582 verum
1010 2535 1052 2593 est,
1066 2537 1292 2603 ignavumpobtam
1302 2541 1397 2594 serioris

424 2612 469 2663 aevi
480 2608 569 2677 prodit.
593 2610 682 2656 Boltbus
693 2607 735 2667 en,
750 2609 835 2669 Banbb,
851 2610 892 2674 qui
903 2609 965 2659 binis
974 2610 1069 2676 syllable
1076 2612 1155 2663 efferri
1164 2612 1224 2663 bene
1232 2616 1325 2680 nequit.

423 2777 483 2855 ipso
494 2778 567 2846 loco,
587 2794 703 2853 quocum
716 2776 773 2835 haec
785 2795 883 2835 conve·
931 2791 1035 2847 rantur,
1063 2798 1119 2837 uon
1139 2798 1262 2857 gemma.
1309 2780 1396 2839 Porro
1446 2820 1449 2828 ,

424 2854 514 2922 uiuat,
534 2854 587 2911 Ge.
602 2853 643 2923 H,
663 2853 714 2929 461
735 2852 792 2929 sqq.
826 2854 883 2911 Lu-
932 2872 1016 2913 manet
1027 2866 1133 2933 cognitus
1141 2856 1221 2914 debet
1232 2858 1282 2914 effe
1290 2857 1394 2915 dietum

315 2974 320 2986 .
423 2946 490 2988 eret.
507 2930 548 2998 II,
571 2950 609 3005 24
630 2928 690 3005 sq.
728 2929 758 2986 Si
770 2928 820 3004 (ei)
837 2954 885 2987 non
930 2950 991 3006 pro,
1009 2937 1169 3009 cognitasest,
1189 2948 1219 2991 ut
1240 2934 1288 2991 fit:
1309 2936 1392 3009 finer

413 3014 517 3085 fierint
538 3008 646 3063 vellera.
661 2950 702 3062 lis
724 3006 797 3063 lauta
811 3008 885 3063 colore
922 3008 1016 3086 fulgor
1026 3010 1148 3085 lapidum,
1158 3028 1334 3087 gemmarum,
1349 3010 1393 3066 in·

421 3085 520 3162 Affyrio
533 3082 673 3158 (dibapha.
700 3102 727 3139 v.
745 3080 883 3149 Plin.IX,
931 3095 972 3139 ter
991 3104 1031 3142 res
1050 3084 1129 3141 utiles
1145 3088 1179 3141 ab
1195 3085 1254 3161 ipso
1267 3085 1391 3154 refertur,

425 3179 474 3236 39,
506 3158 527 3217 s.
555 3160 602 3233 63)
629 3161 692 3216 data
707 3163 884 3247 (comparata,
928 3159 1115 3238 cognitusipsr
1128 3162 1162 3217 est
1175 3161 1255 3217 ullius
1268 3160 1392 3221 utilitati·

421 3239 506 3310 emta)
522 3234 638 3293 Attalicis
661 3232 742 3309 opibus
765 3235 882 3312 (ingenti
928 3237 996 3304 elle,
1017 3236 1061 3292 sed
1071 3257 1099 3293 v.
1114 3236 1180 3293 Var.
1195 3237 1270 3295 laet.
1291 3236 1391 3295 Variat

420 3312 524 3389 prerioz
548 3312 721 3387 quippenam
739 3330 769 3367 ea
780 3330 882 3388 purpu-
927 3326 1017 3368 autern
1053 3312 1094 3377 id,
1126 3313 1200 3389 quod
1235 3312 1389 3390 fimpliciter

419 3408 450 3447 ra
471 3388 499 3444 in
519 3388 600 3446 libras
611 3384 728 3443 denariis
739 3386 814 3444 mille
826 3406 881 3445 non
928 3402 997 3453 erat,
1016 3388 1035 3445 sr
1059 3407 1115 3445 nou
1139 3389 1219 3446 habet
1230 3398 1387 3468 purpuram,

419 3465 502 3541 pollet
514 3464 567 3521 emi
575 3464 610 3519 ib.
612 3468 640 3536 ).
681 3460 754 3519 Nam
765 3465 880 3520 datave—
927 3483 1033 3529 aurum,
1052 3480 1231 3540 gemmaaetc.
1271 3468 1318 3523 66.
1338 3466 1388 3523 Al·

418 3555 470 3607 tat,
489 3538 632 3617 quominus
643 3538 678 3595 ad
696 3538 780 3614 ipsam
792 3553 880 3597 textu·
927 3563 969 3597 con
988 3539 1107 3615 Myleus,
1125 3541 1263 3599 statuarius
1274 3557 1301 3600 er
1313 3544 1389 3600 caela·

418 3636 476 3675 ram
488 3618 563 3674 locus
576 3628 733 3671 revocetur:
766 3615 880 3671 etlinun
927 3629 972 3671 tor
995 3616 1066 3693 apud
1091 3616 1179 3675 Ovid.
1206 3617 1277 3676 Met.
1302 3618 1387 3684 XIII,

418 3692 550 3752 exciderit
570 3689 662 3748 animo
689 3687 771 3747 Plinii
787 3691 877 3747 locus:
927 3696 992 3765 683.
1007 3696 1064 3769 684
1085 3694 1142 3766 (etfi
1155 3694 1202 3751 bic
1215 3696 1249 3751 ad
1266 3695 1386 3753 fabulosa
1478 3738 1484 3747 .

416 3772 515 3831 Aurum
536 3780 643 3827 ιἰιτεκενε
669 3774 766 3825 invenit
778 3768 880 3826 Attalus
927 3768 1028 3835 Annii,
1047 3770 1095 3847 qui
1109 3769 1174 3827 Deli
1198 3790 1243 3827 rex
1263 3786 1289 3827 et
1302 3772 1385 3827 facer·

378 3890 383 3900 .
418 3869 482 3915 rex;
503 3848 658 3905 undenorum
668 3843 793 3903 Attalicis.
832 3850 880 3920 64.
928 3844 1057 3912 deserat,
1077 3848 1244 3920 retrahitur)
1259 3861 1288 3903 et
1315 3845 1385 3903 Ptin.

416 3922 527 3998 lapidum
539 3922 680 3999 fulgorem,
722 3920 751 3979 h.
776 3921 877 3998 lapides
926 3920 1074 3991 XXXIV,
1094 3944 1143 3999 41,
1168 3922 1188 3980 t.
1209 3944 1247 3997 40
1256 3921 1385 3979 occurrit.

414 3999 559 4073 fulgentes,
578 3998 613 4053 ad
634 4014 794 4055 marmorum
806 3999 876 4074 poli·
927 4000 1034 4062 Boiihus
1047 4002 1136 4075 paullo
1158 3999 1249 4055 notior
1265 3998 1300 4053 est
1312 3996 1385 4055 iuter

415 4089 504 4132 turam
517 4090 544 4129 et
584 4074 694 4129 inuram
709 4072 875 4133 musivariam
923 4077 1068 4133 caelatores.
1097 4076 1153 4133 vid.
1168 4072 1315 4135 XXXIII,
1338 4092 1385 4140 η,

415 4151 513 4209 referre
530 4094 608 4224 jullet
621 4169 683 4207 eum
696 4150 787 4207 Ranh.
801 4150 874 4219 XX,
923 4150 1003 4228 s.55.
1037 4167 1149 4209 ‘toreuma
1159 4149 1266 4227 proprie
1275 4149 1309 4205 de
1319 4168 1382 4224 ope-

418 4245 453 4302 19
467 4226 652 4291 Taubmann„
671 4224 779 4301 quiade
800 4246 875 4303 gem·
922 4245 951 4281 re
963 4241 1081 4294 extante,
1098 4226 1262 4307 anaglypho,
1280 4226 1318 4284 est
1335 4242 1383 4284 at-

415 4303 466 4363 mis
479 4320 544 4361 mox
557 4302 664 4361 demum
683 4321 710 4360 v.
720 4302 754 4379 67
769 4317 873 4378 agatur.
921 4300 1089 4381 cipiendum.
1153 4356 1156 4362 ,

413 4376 458 4455 lbi
471 4392 559 4446 tamen
582 4378 693 4441 uniones
706 4386 873 4458 commemo-j
990 4382 995 4387 “
