3225 5200
524 532 530 543 '
627 516 863 598 Cllil'S.
1084 536 1089 543 '
1169 541 1236 623 109

253 730 291 810 Si
307 748 370 809 me
388 730 471 832 jam
488 728 627 833 summa
645 728 824 823 Sapientia
839 733 1009 824 pangeret
1022 733 1115 813 arce,
1193 746 1238 813 14

248 872 420 971 Qatuor
430 864 586 961 antiquis
601 887 682 961 quae
699 862 887 937 heredibus
900 862 950 935 cst
958 860 1040 933 data
1055 859 1219 932 consors:

251 1002 363 1077 Unde
378 1001 571 1075 hominurn
586 1018 714 1069 errores
730 994 839 1090 longe
853 994 991 1089 lateque
1006 1018 1070 1089 per
1085 993 1212 1067 orbem
1228 1016 1235 1031 ·

252 1125 1234 1231 Despicere,atquehumilispoliemcontemnereturast

252 1262 340 1343 Non
356 1293 423 1367 ego
439 1285 475 1341 te
490 1268 598 1340 talem
613 1288 796 1337 venerarer
812 1286 955 1365 munere
971 1259 1057 1346 cali,

253 1398 341 1475 Non
358 1401 524 1497 equidem
534 1435 545 1484 ς
573 1396 738 1495 quamvis
755 1396 935 1469 interdum
953 1397 1072 1469 ludere
1085 1382 1202 1487 nobis,

256 1523 308 1608 Et
317 1536 485 1633 gracilem
497 1534 598 1607 molli
611 1532 715 1605 liccat
730 1511 823 1625 pede
835 1527 998 1601 claudere
1012 1530 1150 1604 verium
1163 1568 1174 1617 ς
1188 1553 1233 1608 20

257 1668 327 1742 Sed
342 1693 474 1769 magno
490 1669 661 1751 intexens,
678 1662 704 1734 fi
719 1662 769 1733 fas
788 1660 836 1733 est
852 1663 980 1747 dicere,
995 1663 1117 1761 peplo,
1226 1726 1231 1733 .

254 1836 353 1905 iedurae
367 1854 417 1889 non
432 1840 488 1890 l'atla
497 1837 607 1888 confidit.
640 1836 753 1886 Barthiuc
763 1837 845 1886 minus
854 1836 924 1886 dode
934 1835 1047 1887 refinxit:
1065 1838 1159 1908 Qadfi
1167 1825 1236 1900 onst·

248 1914 320 1980 ficum
335 1915 435 1982 proferre
450 1916 527 1963 volunt
543 1914 610 1979 genus
628 1917 691 1961 omnir
710 1912 831 1977 Mrficum
844 1912 913 1980 secli.-
929 1915 986 1963 nodo
997 1916 1030 1977 ſse
1046 1914 1084 1962 tibi
1093 1915 1151 1962 velle
1160 1914 1234 1961 libido.

255 1988 385 2042 Tumebm
403 1991 631 2049 Adven.xxvl11,
650 2004 680 2050 25
702 1991 764 2039 valet
771 2008 839 2055 genus
850 2008 905 2039 unaue
922 1992 1042 2056 Mm'ficum
1054 1990 1116 2059 serit
1127 1990 1236 2053 corrigit,

257 2066 291 2116 cle
311 2068 377 2118 lenlu
396 2070 536 2131 verborum¹
548 2068 635 2116 idoneo
658 2081 744 2131 parum
761 2066 883 2116 sollicitus.
918 2067 1064 2132 Pomponius
1081 2065 1180 2113 Sabinus
1200 2066 1236 2115 lta

259 2141 433 2209 interpretatur
450 2146 579 2211 vulgatam,
596 2153 622 2191 ut
634 2158 734 2192 acumen
746 2143 793 2189 viri
803 2158 852 2190 non
864 2140 982 2205 allequar=
1000 2150 1018 2173 “
1031 2144 1130 2198 Omnes,
1142 2139 1234 2205 supple,

257 2220 383 2267 “tradere
400 2220 504 2269 suadent.
537 2218 561 2265 Si
576 2234 657 2265 omnen
676 2217 783 2276 suadent,
804 2229 833 2265 ut
851 2217 952 2265 scribam
962 2216 1146 2281 philosophiam,
1164 2226 1188 2263 et
1206 2228 1234 2265 tu

258 2299 278 2327 ⁰
286 2294 361 2345 etiam
377 2288 405 2343 id
417 2297 453 2345 uia
469 2307 494 2345 et
505 2310 549 2360 ego
560 2306 652 2358 paterer
663 2294 773 2353 scribere,
791 2308 841 2341 non
861 2309 988 2342 venerarer
998 2305 1023 2343 te
1041 2292 1140 2344 munere
1160 2290 1236 2351 Ciris,

260 2377 277 2405 “
288 2371 328 2421 sed
338 2374 440 2423 cartrtine
450 2372 743 2438 philosophico.¹'·-1q.
761 2389 812 2420 arce
820 2371 909 2419 Aldina
922 2371 995 2419 dedit.
1028 2374 1094 2423 Vett.
1111 2370 1166 2420 edd.
1175 2385 1236 2427 arte,

260 2446 332 2512 idque
343 2448 464 2499 Calderin.
485 2459 508 2496 et
521 2446 613 2495 Alerni
631 2445 830 2511 interpretamur:
848 2462 950 2511 pronum
961 2446 1031 2495 estin
1045 2444 1234 2515 pangeretsulpi·
1297 2503 1301 2511 .

257 2524 308 2573 cari
314 2520 427 2593 pandera,
444 2525 573 2588 etreliqua
584 2524 739 2572 consentanea
754 2523 808 2583 lint,
824 2524 988 2573 scribendum:
1006 2526 1032 2574 Si
1048 2530 1100 2575 mihi
1111 2525 1159 2588 jam
1171 2524 1233 2588 sarm·

257 2621 313 2654 naar
323 2606 433 2671 Sapientia
448 2605 555 2672 panderet
564 2619 641 2651 arcem.
674 2601 759 2650 incidit
772 2617 866 2666 qnoque
886 2603 912 2650 in
931 2601 977 2650 hoc
996 2603 1141 2652 Frilemann.
1154 2612 1178 2648 et
1189 2603 1231 2664 Ja·
1310 2601 1313 2606 '

257 2679 326 2739 culm
342 2679 386 2730 oin
404 2683 469 2744 quod
487 2679 526 2728 hie
535 2680 631 2739 sumar
648 2694 705 2725 arcet
723 2677 827 2725 adsciscit
847 2693 901 2725 cum
917 2681 948 2727 V.
966 2678 995 2724 C.
1009 2681 1112 2729 Greene.
1146 2672 1230 2724 Heius.

258 2756 320 2819 conj.
333 2757 358 2805 Si
374 2774 420 2805 urea
429 2755 480 2821 (vel
490 2753 551 2817 urbi)
563 2752 719 2819 jamsutamara
731 2754 841 2819 Sapientia
850 2767 946 2820 taugeret
955 2771 1031 2802 urcem.
1067 2755 1111 2803 Ml.
1126 2751 1229 2802 llclmst.

257 2835 285 2882 Si
295 2849 338 2881 nea
349 2831 500 2898 jansemus
509 2830 532 2877 S.
548 2843 573 2895 p.
585 2843 650 2878 orrea.
685 2829 777 2878 Melius
794 2831 864 2881 Bafil.
878 2834 970 2898 sumt
980 2849 1049 2889 arces,
1068 2831 1133 2895 quod
1144 2827 1229 2878 Heius.

259 2906 354 2974 probat,
370 2903 549 2966 rctlle'.-15.
564 2905 650 2970 quaein
661 2914 719 2953 vett.
732 2905 878 2964 edd.,etiam
889 2905 914 2953 in
931 2905 987 2952 ald.
1000 2917 1023 2953 et
1039 2904 1153 2962 inllasrl„
1168 2905 1230 2953 exci-

256 2983 302 3032 dit.
331 2980 440 3030 heredibus
455 2981 576 3044 eleganter
592 2980 632 3027 seu
651 2991 678 3028 ut
698 2977 835 3043 limpliciter
846 2979 891 3030 int
901 2984 1014 3047 κλιρχιι,
1031 2979 1072 3028 seu
1083 2978 1178 3044 proprie
1189 2996 1228 3028 re·

255 3059 338 3126 §pediu
351 3059 460 3108 Socratis.
494 3059 583 3106 Parum
594 3068 664 3105 tauta
675 3055 771 3105 Paullus
785 3058 904 3122 Leoparrl
922 3074 959 3122 ap.
971 3057 1094 3105 Loenlem
1106 3055 1230 3120 Epiphyll.

257 3137 324 3195 Vlll,
335 3147 366 3194 23
377 3134 490 3199 berqfibut
506 3131 656 3192 emendabat.
690 3132 770 3181 Heinl.
783 3136 886 3201 Qatnu
891 3136 984 3199 antiquit
994 3133 1089 3182 heroibus
1097 3132 1172 3182 addita
1182 3152 1231 3181 rua·

246 3215 302 3283 lova,
313 3211 353 3260 vel
361 3212 457 3277 herosta,
467 3219 495 3258 ut
505 3219 608 3272 quatuor
619 3207 775 3273 philosophiae
792 3209 863 3274 ipfiua
872 3221 950 3274 parter
961 3208 1076 3272 deliguet.
1111 3208 1226 3258 Martiana.

256 3290 354 3356 Capella
364 3288 406 3336 lib.
420 3291 464 3347 Vl,
473 3303 499 3350 p.
515 3286 560 3351 189
571 3287 687 3336 Tantorum
698 3290 735 3352 qui
745 3289 881 3353 pbilofipbtae
891 3290 975 3336 heroum
986 3299 1072 3336 matrem
1083 3305 1121 3333 non
1130 3286 1232 3352 agnoscit,

256 3379 360 3425 -η
374 3365 445 3431 ppffim
455 3361 729 3425 Ald.,quodtteins.et
742 3366 780 3426 Jo.
793 3363 915 3422 Schrader.
928 3361 1037 3427 probant.
1065 3363 1143 3426 pcfflnr
1159 3361 1231 3412 aaut.
1311 3414 1314 3418 ,

257 3441 360 3492 -r8.
376 3458 460 3489 murm
470 3438 514 3487 vili
525 3439 586 3502 conj.
599 3441 638 3502 Jo.
649 3437 880 3489 &braden—20.
895 3439 971 3496 liceum
986 3436 1049 3486 forte
1058 3437 1131 3487 libeat.

298 3577 334 3646 tq
353 3557 411 3636 sqq.
433 3557 462 3614 si
488 3531 517 3613 in
543 3555 719 3689 philosophiae
767 3557 923 3636 interpretes
953 3555 1119 3629 nominant.)
1177 3575 1230 3614 arx
1302 3605 1306 3616 ,

257 3631 345 3692 lludto
373 3637 431 3711 jam
457 3627 520 3691 satis
542 3633 645 3710 profeci
665 3653 719 3702 em,
766 3639 830 3694 data
860 3638 893 3710 ψ
929 3638 1030 3708 confirrs,
1069 3629 1229 3708 elegantius,

253 3725 324 3768 —ut
346 3715 431 3788 majus
454 3730 562 3768 carmen
582 3711 616 3766 de
630 3727 718 3766 rerum
767 3731 847 3788 quam
874 3719 903 3768 iis
924 3709 1078 3785 consortibus,
1102 3722 1233 3783 quatenus

253 3783 638 3866 naturaconscriberepollem.
654 3785 720 3842 Hoc
766 3789 875 3846 heredes
906 3787 965 3844 lunt
998 3784 1125 3844 Socratis.
1174 3782 1230 3840 Ex·

253 3862 399 3940 subjicitur
415 3863 453 3921 vl.
475 3865 512 3940 36
532 3860 588 3940 sqq.
618 3868 719 3936 summa
786 3867 864 3921 relius
884 3879 973 3920 aurem
1000 3877 1072 3918 totus
1097 3860 1171 3915 locus
1197 3877 1232 3918 ex

252 3963 310 4000 arce
321 3941 361 4000 cf.
375 3941 410 3996 ad
423 3960 452 3998 v.
466 3944 493 3998 8.
532 3959 569 3998 me
585 3955 717 4018 pangeret,
766 3885 891 3998 lucretii
916 3939 988 3996 notis
1012 3937 1086 3995 ueris.
1110 3933 1160 3993 lib.
1187 3935 1227 4003 ll,

250 4009 658 4094 figeret,staruerct,collocaret.
673 4031 717 4091 ις.
765 4037 784 4095 9
798 4017 857 4093 sqq.

251 4093 324 4160 Arx,
336 4107 419 4184 quam
430 4089 719 4181 quatuorsummiphl·
804 4112 836 4151 zr
864 4091 922 4225 sqq.
954 4089 1164 4149 Celebratillima
1187 4111 1229 4149 res

251 4167 360 4248 losophr
379 4181 481 4236 tenent,
507 4171 593 4238 l’lato,
615 4171 717 4226 Anto·
764 4166 794 4226 in
820 4168 903 4226 Panat
923 4169 1001 4227 enaeis
1027 4167 1141 4247 magnis,
1169 4187 1231 4245 quae
1275 4212 1278 4216 -

251 4247 329 4317 telas,
355 4247 447 4314 Zeno,
472 4245 616 4325 Epicurus.
656 4239 720 4318 (Pro
765 4245 883 4303 Athenis
907 4243 1001 4324 quinto
1027 4264 1133 4321 quoque
1156 4263 1230 4303 anno

252 4319 370 4382 Zenone
404 4321 585 4405 Pythagoram
622 4339 720 4383 veteres
765 4324 924 4400 agebantur,
951 4324 1058 4400 peplum
1084 4322 1230 4453 lvlincrvviq.

366 4419 387 4480 ς
965 4406 972 4422 ’
1220 4432 1230 4449 .
