3225 5200
378 582 425 656 92
667 551 1085 685 ruooetlruru

378 754 497 857 aliqua
524 780 634 854 eaque
660 756 787 828 idonea
812 759 1000 832 audioritas
1016 759 1121 833 allata
1138 758 1175 832 in
1192 762 1354 841 niediur‘t't

377 908 449 959 non
477 884 538 957 est.
591 882 699 966 Nam,
724 880 820 975 quod
845 905 889 953 ex
915 882 1045 956 Seneca
1059 884 1170 981 vulgo
1195 886 1357 963 laudatur

376 1010 447 1107 Ep.
477 1032 522 1105 92
548 1023 585 1079 ut
608 1008 655 1077 ait
675 1002 829 1098 Virgilius
845 1005 943 1097 noster
955 1008 990 1074 in
1005 1007 1119 1101 Scylla,
1152 1032 1224 1082 non
1251 1012 1355 1084 videa

376 1153 459 1207 runt
475 1133 542 1205 viri
559 1126 654 1204 dotti
665 1120 719 1201 »ad
738 1135 824 1203 AEn.
842 1128 997 1220 111‚426
1015 1122 1065 1226 sq.
1082 1126 1245 1228 spe-dare,
1267 1140 1355 1207 etin

377 1258 493 1350 Scylla,
516 1253 583 1325 esse
594 1253 631 1325 in
647 1254 727 1325 loco
740 1253 785 1323 de
803 1253 938 1347 Scylla;
966 1270 1027 1324 aut
1039 1254 1353 1355 potiusjungenda

374 1378 513 1451 suntin
545 1380 650 1475 Scylla
676 1380 791 1451 Prima
817 1380 904 1471 las.
957 1380 1083 1478 Quid?
1119 1382 1215 1477 quod
1240 1384 1352 1457 neca'

373 1502 656 1589 Pseudodonato,
670 1500 732 1596 qui
744 1498 1045 1595 reliquacarmina
1058 1486 1212 1597 Virgilid
1219 1504 1353 1579 tributa

374 1626 543 1712 recenset,
570 1648 649 1710 nec,
680 1639 856 1718 quantum
881 1623 1045 1730 memini,
1075 1624 1121 1695 ab
1140 1625 1210 1696 alio
1234 1643 1351 1699 vetere

375 1747 632 1833 Grammatico
650 1748 688 1819 in
705 1746 812 1820 fimili
829 1748 1001 1835 instituto,
1028 1747 1122 1819 Ciris
1145 1752 1278 1822 mentio
1294 1753 1349 1823 fia

373 1873 516 1945 Indotti
544 1873 640 1943 enim
672 1872 853 1958 monachi,
887 1872 1061 1944 Servianis
1089 1872 1126 1943 in
1158 1872 1350 1946 AEneidem'

375 1996 639 2069 commentariis
665 1996 702 2067 in
721 1995 836 2066 fronte
863 1995 1014 2083 adsutus,
1041 2021 1189 2093 pannus,
1214 1998 1250 2068 in
1275 2020 1353 2095 quo'

374 2119 462 2189 adeo
476 2118 598 2189 Cirina
617 2116 812 2204 scribitur*,
835 2119 1025 2190 memorari
1040 2120 1202 2192 adversus
1215 2144 1273 2191 me
1288 2122 1351 2194 vix
1435 2206 1437 2209 Α

373 2244 498 2343 potest.
553 2242 659 2341 Qud
676 2260 794 2314 autem
819 2242 990 2336 poe'matii
1008 2243 1244 2337 praeslantiam
1260 2242 1350 2315 adeo

374 2369 493 2440 verbis
509 2384 647 2455 ornant,
669 2384 707 2439 ut
725 2368 885 2464 Scaliger
900 2370 938 2439 id
954 2346 1043 2438 nulli
1059 2368 1268 2441 latinorum
1282 2392 1348 2441 ne.

373 2515 444 2588 que
460 2490 584 2576 nitore,
601 2512 715 2585 neque
732 2468 905 2587 elegantia
920 2488 1045 2561 cedere
1060 2489 1166 2577 dicat,
1184 2490 1349 2563 Barthius

373 2641 458 2689 vero
478 2613 791 2687 luculentiffimum
818 2614 909 2686 inter
937 2638 1059 2686 omna
1085 2615 1231 2710 antiqua
1255 2615 1352 2712 poe'-

372 2742 482 2814 matia
497 2741 666 2837 appellet,
691 2740 728 2810 in
749 2763 791 2810 eo
816 2738 970 2811 studium
986 2741 1141 2811 virorum
1161 2740 1348 2813 nouorum

372 2864 488 2950 video,
510 2861 642 2959 judicii
668 2859 902 2932 subtilitatem
927 2860 1096 2934 defidero.
1147 2862 1231 2933 Non
1249 2862 1346 2934 enim

371 2986 452 3058 satis
477 2983 775 3057 circumscribunt
799 2983 1092 3078 praedicationem
1122 2983 1231 3070 suam,
1261 2983 1347 3056 ade-

370 3133 475 3206 oque,
491 3111 579 3183 dum
592 3107 683 3180 ultra
694 3108 859 3178 terminos
876 3122 1078 3203 evagantur,
1091 3128 1136 3176 ne
1147 3103 1185 3175 id
1196 3103 1346 3198 quidem

370 3233 546 3322 obtinent,
578 3231 675 3329 quod
692 3231 729 3301 in
746 3229 867 3300 medio
887 3227 1041 3324 posrtum
1067 3241 1149 3310 erat,
1177 3224 1346 3319 quodque

369 3354 464 3425 redte
493 3354 528 3426 se
560 3354 724 3425 habebat.
781 3351 891 3450 Qrod
916 3353 954 3423 in
985 3347 1141 3420 carmine
1167 3347 1235 3417 hoc
1261 3362 1344 3419 tan-

369 3489 491 3568 topere
518 3473 681 3545 admirati
712 3471 791 3545 sunt
820 3471 886 3544 viri
913 3468 1020 3553 docti,
1055 3465 1081 3536 st
1107 3465 1254 3560 propius
1285 3465 1346 3539 in«

369 3593 511 3681 tuearis,
539 3593 628 3663 nihil
656 3595 752 3666 aliud
771 3592 850 3678 fuit,
877 3613 985 3687 quarn
1009 3585 1176 3658 orationis
1202 3587 1239 3658 in
1263 3589 1344 3685 pse.

368 3713 483 3812 risque
519 3715 607 3788 locis
642 3715 796 3812 dignitas
828 3715 978 3798 summa,
1011 3726 1157 3780 ornatus
1189 3709 1347 3805 praeclau

367 3866 437 3928 rus,
473 3841 638 3938 splendor
675 3865 836 3936 quoque;
876 3854 956 3910 tum
995 3857 1224 3907 numerorum
1254 3857 1344 3906 cona

369 3965 531 4040 cinnitas.
582 3965 678 4038 Haec
702 3965 794 4055 sunt,
823 3986 905 4061 quae
930 3947 1015 4034 viris
1051 3959 1163 4032 doctis
1193 3960 1281 4032 adeo
1304 3963 1344 4033 se

1255 4107 1343 4180 pro-

403 4235 421 4275 ⁶
453 4229 606 4377 {itm
629 4241 661 4302 in
685 4241 733 4302 ms
760 4239 910 4301 Helmstad.
947 4251 1089 4298 exaratum
1114 4251 1173 4297 errt
1193 4239 1341 4307 Decimii«.-

366 4337 436 4388 ιοιι,
479 4337 535 4379 rna
