3225 5200
423 529 472 585 10
724 501 1138 578 PROOEMIUM

418 702 543 799 paffim
560 725 644 773 curn
660 694 775 786 laude,
799 715 835 770 et
853 697 1018 769 Lucanus
1035 721 1107 770 non
1124 697 1196 772 fine
1219 700 1399 797 superbiae

419 845 504 898 nota
520 823 642 896 dixisse
659 821 877 896 existimatus
895 822 967 898 est:
990 836 1023 894 et
1046 838 1194 922 quantum
1209 827 1289 898 mihi
1303 827 1403 919 restas

418 947 464 1016 ad
492 944 658 1016 Culicem?
698 943 767 1014 hoc
794 960 926 1029 autem,
963 941 1060 1037 quod
1092 965 1185 1015 nunc
1218 944 1404 1034 habemus,

418 1066 580 1165 splendet
594 1065 717 1162 utique
734 1089 806 1148 uno
823 1079 858 1138 et
869 1065 979 1139 altero
996 1062 1088 1149 ioco,
1111 1080 1147 1137 et
1162 1063 1269 1137 habet
1281 1067 1402 1141 laudes

415 1188 622 1271 nonnullas;
647 1185 705 1258 sed
723 1202 758 1258 et
780 1202 854 1256 tota
871 1183 960 1255 illud
977 1182 1116 1254 summa
1126 1203 1252 1278 peccat
1266 1205 1301 1259 et
1314 1191 1401 1285 plu.

416 1313 508 1386 rima
524 1310 643 1398 habet,
668 1333 750 1404 quae
766 1307 824 1378 vel
840 1329 968 1402 parurn
983 1303 1103 1392 subtili
1113 1303 1253 1402 judicio
1269 1310 1330 1383 vix
1345 1310 1402 1396 [ει-

414 1438 464 1508 tis
477 1436 512 1508 se
524 1436 677 1533 probare
693 1433 836 1530 poffint.
887 1431 981 1529 Qae
1006 1453 1051 1502 ne
1075 1445 1209 1504 temere
1233 1409 1398 1529 pronun-

415 1558 514 1631 tiasse
527 1559 722 1645 videamur,
746 1580 812 1653 age
827 1557 872 1628 de
887 1551 1055 1628 carminis
1064 1569 1275 1647 argumento
1287 1571 1324 1630 et
1334 1556 1400 1630 ha-

402 1659 495 1752 'uiuu
510 1680 739 1777 dispiciamus
755 1677 877 1774 pauno
893 1673 1105 1748 accuratius.

463 1807 564 1880 Inter
580 1805 673 1878 lusus
699 1802 849 1877 refertur
872 1803 940 1874 hoc
965 1821 1108 1873 carmen
1136 1796 1266 1872 merito
1288 1824 1399 1898 argu·

379 1944 380 1950 ’
414 1929 529 2003 menti
546 1926 647 2000 suivi
663 1902 845 1998 etnatura.
873 2025 877 2031 Ι
897 1922 1027 2008 Culex,
1051 1942 1136 1994 cum
1147 1917 1324 2015 pastorem
1340 1921 1399 1996 in-

413 2050 491 2124 fixo
506 2051 659 2124 aculeoe
670 2050 795 2124 somno
804 2049 999 2132 excitatum
1010 2043 1175 2141 praesenti
1185 2062 1299 2120 morte
1309 2047 1401 2122 libe·

413 2174 528 2265 nasset,
551 2177 683 2250 inflicta
700 2201 808 2250 manu
823 2175 986 2259 obtritus,
1011 2170 1175 2265 sequente
1192 2173 1295 2248 noste
1316 2174 1398 2273 pas..

415 2300 486 2372 tori
514 2322 579 2395 per
601 2299 766 2370 somnum
793 2297 949 2382 oblatuS,
971 2293 1016 2364 de
1043 2301 1138 2374 male
1162 2302 1269 2374 relata
1283 2303 1398 2398 gratia

416 2418 658 2513 conqueritur,
682 2416 943 2512 hominemque
963 2416 1051 2490 adeo
1077 2420 1300 2496 miseratione
1315 2447 1398 2496 mo·

415 2557 487 2627 vet,
510 2559 549 2613 ut
567 2538 631 2613 fibi
647 2541 830 2616 tumulum
845 2540 964 2617 saciat.
1014 2543 1093 2618 Nec
1109 2562 1230 2618 tamen
1245 2547 1397 2621 omnino

414 2662 522 2763 po'e‘ta
538 2688 681 2737 carmen
699 2665 844 2761 epicum
854 2663 1029 2763 joculare,
1051 2666 1253 2767 cujusmodi
1279 2670 1396 2743 nostra

415 2804 501 2867 aetas
518 2786 620 2883 plura
636 2788 738 2876 vidit,
762 2812 978 2884 componere
987 2790 1131 2865 voluisse
1143 2790 1319 2888 putandus
1334 2790 1396 2862 est.
1455 2810 1460 2824 ¹

415 2908 585 2989 Narratio
601 2909 649 2981 est
666 2907 755 2981 serio
772 2909 946 2995 instituta,
969 2930 1035 2985 nec
1063 2924 1183 2981 tamen
1199 2908 1313 3006 epica,
1336 2906 1397 2984 scd

415 3032 460 3105 ad
477 3030 699 3128 pastoritium
717 3031 775 3105 seu
792 3032 1000 3106 bucolicum
1015 3054 1161 3105 carmen
1175 3031 1335 3127 propior,
1358 3047 1394 3104 ct

415 3152 589 3227 delectare
598 3150 742 3223 voluisse
758 3151 864 3248 po‘e'ta
877 3150 991 3227 videri
1006 3150 1124 3238 debet,
1132 3150 1267 3246 partim
1277 3172 1395 3223 rerum

415 3278 616 3351 narratione
640 3294 676 3351 et
702 3277 949 3375 descriptione,
973 3277 1107 3375 partim
1119 3276 1250 3349 culicis
1266 3275 1312 3349 de
1337 3276 1395 3351 in·

411 3403 510 3503 jutia
526 3401 591 3475 fibi
608 3398 963 3502 faeta'couqucrentis
979 3399 1214 3477 miseratione.
1258 3459 1262 3466 .

413 3502 415 3511 Α
465 3526 778 3625 Argumentum,si
794 3527 982 3600 intentiore
995 3524 1119 3597 animo
1134 3521 1397 3619 contempserit,
1445 3586 1450 3594 .

418 3674 483 3749 pet
513 3652 547 3723 se
571 3650 651 3731 satis
685 3668 789 3722 tenue
819 3673 860 3721 ac
879 3647 1046 3749 jejunum
1062 3642 1130 3718 esse
1147 3643 1280 3739 vixque
1294 3669 1397 3744 mag.

417 3802 506 3851 num
523 3793 688 3875 ornatum
714 3796 842 3871 capere
865 3772 961 3870 posse
986 3770 1139 3845 videtur.
1190 3768 1394 3842 Cumusavit

418 3920 538 3987 tamen
561 3912 764 3971 ornamenta
780 3894 941 3993 quisquis
956 3896 1035 3971 haec
1054 3892 1204 3991 scripsit,
1227 3910 1274 3979 et,
1298 3893 1395 3987 quod

417 4020 678 4118 graviusetiam
690 4015 751 4105 est,
764 4016 799 4087 in
817 4017 1032 4094 ornamentis
1045 4016 1102 4089 his
1113 4037 1183 4085 non
1197 4009 1306 4082 modo
1319 4036 1395 4083 ma-

415 4120 533 4249 jorem
561 4165 679 4238 opera:
711 4158 854 4243 partem
871 4139 1074 4226 consumsit,
1098 4160 1219 4211 verum
1235 4134 1397 4209 etiamad

414 4252 514 4357 ¹locos
543 4266 703 4379 po'e‘ticos
728 4288 937 4349 communes
970 4264 1042 4346 stre
1068 4261 1190 4347 omnia
1204 4257 1399 4358 revocavit,

1267 4378 1394 4479 quibus
