3225 5200
396 526 466 601 144
538 499 898 583 numerum
949 502 1282 595 mauouts'

393 691 447 768 Te
463 722 592 799 erepta,
607 704 863 796 oBritomarti,⁴
874 731 966 783 meae
983 710 1059 807 spes
1075 738 1144 786 una
1157 716 1289 808 salutis,
1302 731 1370 818 295

392 828 457 921 Te,
475 837 692 925 Britomarti,
710 840 806 912 diem
824 844 927 935 putul
944 832 1141 939 producere
1158 854 1277 925 vitae?

389 968 510 1064 Atque
526 974 663 1043 utinam
677 974 782 1045 celeri
796 998 842 1047 ne
858 994 1000 1050 tantum
1016 1000 1118 1077 grata
1133 982 1264 1058 Dianae

389 1096 543 1176 Venatus
560 1106 640 1177 elles
657 1106 760 1203 virgo
776 1106 904 1179 sediata
922 1110 1094 1202 virorum,
1249 1106 1255 1109 ’

389 1239 527 1333 Cnosfia
540 1266 608 1313 neu
626 1239 757 1313 Partho
773 1236 993 1318 contendeus
1008 1248 1145 1345 spicula
1161 1274 1272 1328 cornu

387 1374 542 1448 Dietaeas
556 1398 676 1472 ageres
693 1376 737 1447 ad
754 1378 917 1473 gramina
929 1394 1014 1452 nota
1028 1386 1182 1481 capellas
1194 1418 1210 1461 z,
1296 1416 1372 1489 300

422 1582 478 1635 295.
498 1572 525 1619 lh
536 1567 590 1620 edd.
602 1583 653 1620 ant.
666 1584 690 1620 et
698 1570 739 1620 ml.
753 1572 824 1621 Bafil.
848 1576 880 1622 Te
891 1588 960 1641 erepto
971 1576 1092 1628 britomarte
1102 1581 1130 1647 ιβ
1139 1584 1189 1649 sper
1198 1603 1260 1635 oona
1265 1587 1370 1661 sepulcri.

388 1649 443 1707 Sed,
455 1661 483 1697 ut
491 1662 555 1697 nnnc
565 1648 663 1711 legitur,
674 1649 706 1697 est
718 1650 874 1698 emendatum
884 1651 909 1699 in
922 1653 1028 1712 Aldino3
1044 1667 1069 1704 at
1079 1657 1105 1704 in
1115 1660 1228 1723 Juntina=
1245 1665 1369 1731 Teerepta.

387 1722 531 1781 Britomartis,
541 1727 591 1791 sper
610 1724 711 1789 estvana
728 1727 829 1793 sepulcri.
862 1728 967 1792 Scaliger
986 1730 1052 1782 idem
1069 1733 1094 1780 iu
1106 1734 1159 1783 aliis
1178 1751 1301 1801 repertum
1310 1759 1369 1807 pro-

385 1804 473 1853 babatt
503 1807 541 1851 mei
560 1804 609 1870 spes
631 1820 674 1850 uua
690 1805 714 1869 se
730 1805 791 1853 ulcri.
826 1805 929 1853 Loenlis
949 1806 966 1855 l.
988 1823 1012 1855 c.
1028 1804 1079 1878 'sper
1098 1812 1181 1876 adolla
1193 1814 1295 1881 sepulcri.
1319 1821 1366 1872 ms.

386 1882 488 1931 Helmst.
507 1884 546 1929 mei
554 1881 603 1947 spes
615 1900 659 1929 unu
670 1881 773 1947 sepulcri.
809 1883 844 1930 lta
859 1882 945 1932 saltem
955 1883 1052 1949 legam:
1071 1887 1106 1937 ‘Te
1119 1904 1201 1957 erepta,
1211 1911 1222 1939 o
1232 1896 1368 1956 Britomarti,

386 1962 437 2008 mihi
444 1960 493 2025 spes
504 1977 546 2005 una
550 1958 645 2024 sepulcri
655 1958 681 2024 est
692 1977 700 2006 ι
719 1973 742 2005 te
755 1970 838 2021 erepta
849 1957 910 2009 nihil
922 1960 1025 2025 amplius
1035 1962 1078 2022 est,
1088 1968 1153 2028 quod
1161 1968 1186 2016 in
1194 1970 1255 2016 votis
1265 1970 1367 2023 habeam

386 2046 427 2085 aut
439 2034 531 2099 sperare
543 2031 636 2097 polum,
655 2049 727 2097 quam
747 2033 1016 2099 sepulcrum—296.
1031 2038 1063 2086 Te
1082 2042 1213 2090 Britomam
1229 2057 1289 2095 vett.
1309 2049 1366 2100 edd.

385 2124 507 2174 -297.
525 2108 664 2174 Legebatur
676 2112 748 2159 Cereri
758 2128 765 2168 3
783 2126 825 2157 cur
837 2113 930 2159 Cereri?
947 2112 1069 2175 quodnam
1080 2114 1131 2178 ejus
1142 2116 1246 2166 studium
1257 2120 1297 2169 vel
1308 2138 1366 2171 cou-

385 2188 526 2239 tubernium
546 2186 591 2234 else
607 2197 711 2251 poterat,
733 2186 770 2234 eui
788 2187 868 2250 puella
881 2188 904 2235 se
924 2187 1063 2240 addiceret?
1091 2193 1197 2252 Ferrem,
1214 2193 1366 2247 fiPalladem

385 2276 540 2314 memoraret.
575 2264 602 2310 In
614 2273 712 2325 promtu
724 2262 765 2319 est,
781 2264 843 2311 celeri
858 2262 955 2326 legere3
979 2263 1058 2328 licque
1075 2266 1101 2313 in
1119 2268 1208 2318 Aldina
1219 2283 1244 2320 et
1263 2272 1320 2322 iude
1338 2274 1366 2323 in

385 2345 425 2395 ed.
446 2345 475 2391 de
495 2341 579 2389 Tortia
597 2338 730 2403 expressum
750 2350 773 2386 et
794 2356 823 2388 ex
845 2340 888 2387 ms.
907 2341 1007 2390 Helmst.
1024 2354 1135 2393 notatum
1152 2347 1232 2408 video,
1250 2363 1278 2400 ut
1297 2351 1366 2403 fuisse

386 2420 500 2471 arbitrer:
518 2420 593 2483 Atque
603 2422 683 2465 utinam
694 2418 755 2465 ederi
766 2435 791 2464 ue
806 2432 890 2465 tantum
909 2434 977 2483 grata
988 2419 1070 2471 Diana
1081 2433 1136 2481 etc..
1152 2425 1246 2475 utinam
1262 2442 1293 2477 ne
1309 2430 1367 2479 effer

384 2496 473 2544 seelara
494 2503 603 2546 venatus,
628 2490 713 2537 Diana
738 2491 809 2539 celeri
831 2503 927 2540 tantum
949 2506 1026 2558 grata.
1073 2498 1110 2544 lta
1131 2510 1156 2547 et
1177 2502 1216 2565 Jo.
1238 2503 1363 2556 Schrader.

385 2569 523 2620 Emendntt.
536 2582 592 2632 pag.
612 2564 652 2624 61,
667 2564 710 2613 nisu
722 2568 786 2630 quod
802 2586 840 2617 nou
860 2583 950 2618 rantum.
985 2572 1137 2622 Parrhafiutn
1155 2575 1179 2623 in
1193 2578 1304 2646 Qaelitis
1319 2600 1364 2647 per

384 2646 476 2710 epistol,
496 2659 527 2704 30
538 2643 571 2706 (p.
583 2656 616 2702 50
627 2643 722 2708 Steph.)
740 2645 818 2692 Veneri
828 2643 908 2710 legiffe
919 2646 1007 2696 rideo:
1025 2649 1059 2697 ita
1079 2653 1175 2700 Venatus
1185 2658 1282 2706 virorum
1292 2660 1366 2708 nimie

297 2768 301 2782 ¹
383 2717 636 2785 lepidesuhjiciuntur.
671 2718 749 2764 Video
766 2730 849 2768 tamen
866 2732 891 2769 et
909 2723 1036 2772 Heinfium
1052 2725 1099 2773 hoc
1117 2728 1363 2800 mulceri—298.

383 2799 625 2848 Venatus—virorum.-
651 2795 696 2842 effe
713 2811 771 2859 ergo
790 2797 888 2857 debent,
906 2800 993 2863 quibua
1004 2801 1051 2850 viri
1062 2801 1155 2852 studere
1166 2806 1249 2860 solent.
1283 2813 1363 2862 Imma

328 2928 329 2931 Ἴ
381 2879 430 2942 leg.
446 2879 540 2923 Venatus
552 2875 617 2937 virgo
626 2873 710 2939 settara
715 2875 827 2938 serrarum.
860 2880 913 2925 Hoc
925 2881 949 2926 et'
959 2881 999 2944 Jo.
1013 2881 1139 2931 Schrader.
1152 2883 1171 2933 l.
1184 2902 1204 2935 c.
1236 2881 1312 2939 Porro
1324 2893 1363 2943 ed.

383 2957 446 3004 Ven.
465 2950 529 3008 1484
543 2947 766 3014 sacrum—299.
786 2955 863 3019 (ἔνιψα
880 2958 995 3022 neupbarto
1011 2957 1095 3006 eadem
1112 2972 1182 3010 vetus
1198 2965 1298 3018 editior
1313 2990 1364 3020 neu·

375 3040 441 3104 farto
464 3031 507 3080 ms.
533 3027 632 3075 Helmst.
668 3034 774 3094 neuparru
800 3045 848 3082 vet.
870 3033 909 3080 ed.
933 3037 996 3099 apud
1017 3037 1139 3086 Loe'nsem
1159 3039 1176 3090 l.
1199 3057 1230 3102 c.,
1247 3055 1272 3092 et
1293 3047 1361 3111 June.

384 3115 504 3175 naupaflor
523 3105 594 3169 idque
613 3106 736 3154 Domitius
755 3107 928 3174 interpretatur
943 3129 997 3160 cum
1012 3113 1132 3163 Ascenlio.
1164 3123 1283 3185 naupbraeo
1301 3142 1363 3174 cornu

381 3187 432 3252 jul.
454 3185 552 3232 Sabinus
569 3182 668 3247 legerat.
694 3203 732 3232 neu
747 3187 832 3233 Partho
852 3186 1007 3236 emendatum
1027 3189 1078 3252 jam
1098 3192 1123 3238 in
1140 3191 1361 3260 Aldina—300,

379 3265 463 3330 puellos
485 3263 510 3310 in
529 3259 576 3308 fine
587 3259 659 3308 habet
671 3261 761 3309 Aldina
772 3279 905 3327 perperam.
929 3265 971 3313 etsr
990 3267 1019 3313 de
1037 3267 1172 3331 puellarum
1184 3271 1287 3332 ,choreis
1303 3277 1363 3325 velia

382 3342 495 3403 accipere.
528 3339 625 3384 Etenim
642 3337 734 3386 laborat
753 3350 818 3386 totus
837 3339 902 3386 locus
919 3340 1050 3400 laxatione,
1070 3345 1134 3392 unde
1144 3361 1188 3393 nec
1198 3349 1309 3398 membra
1320 3351 1362 3400 fibi

380 3415 523 3478 respondent
533 3433 539 3468 ;
557 3414 636 3476 estque
648 3413 668 3460 is
678 3413 746 3472 adeo,
768 3415 812 3462 nisu
823 3415 904 3464 versuo
921 3431 969 3481 299
987 3419 1087 3467 omnino
1098 3437 1113 3468 a
1123 3421 1187 3471 mala
1198 3437 1272 3474 manu
1283 3427 1368 3477 illatur'

380 3492 422 3550 est,
440 3491 470 3539 fic
481 3490 655 3538 restituendus:

556 3562 631 3628 Atque
642 3569 722 3612 utinam
734 3567 795 3614 celeri
806 3581 924 3616 nutantum
935 3583 1004 3634 grata
1013 3573 1105 3632 Diana,-

556 3640 633 3703 Cnoffiu
645 3657 682 3688 neu
695 3641 777 3687 Partho
786 3644 904 3691 contendens
910 3645 996 3710 spicula
1006 3665 1079 3707 cornu,

557 3718 651 3762 Venatus
666 3719 712 3783 ssis
726 3719 791 3782 uirgo
803 3717 887 3782 setiam
899 3723 1023 3785 ferarum!
1094 3759 1100 3764 -
1202 3764 1211 3774 ,

553 3793 652 3840 ὓὶῑίααε
662 3809 734 3856 ogere:
746 3795 776 3841 ad
783 3797 884 3858 gramina
895 3810 943 3845 uota
954 3799 1062 3862 capellare

554 3871 674 3934 Nunquam
688 3879 733 3918 etc.

378 3947 403 3996 Si
424 3943 545 4010 pascendis
566 3943 681 4008 gregibus
691 3941 733 3992 llla
747 3944 858 4005 vacaffet,
873 3963 922 3996 non
933 3948 960 3997 iu
977 3948 1132 4014 conlpedium
1143 3953 1235 4004 Minoia
1252 3963 1363 4012 venantio

282 4034 284 4038 ’
376 4039 479 4079 uentura
497 4022 584 4073 luiffet.

355 4147 358 4152 ’
418 4169 484 4225 297.
518 4147 688 4206 Britomartis
718 4151 842 4209 venatrix
892 4169 966 4212 mare
991 4155 1090 4215 delata.
1123 4157 1161 4219 cf.
1189 4157 1256 4219 Var·
1282 4162 1361 4226 lest.

376 4225 506 4317 ‘'aMinoe
519 4223 669 4300 conspetu,
689 4242 727 4294 et,
743 4245 771 4284 ut
784 4231 841 4316 ejus
865 4262 867 4265 -
890 4231 926 4285 ad
951 4252 978 4289 v.
1000 4255 1069 4301 220,
1096 4235 1145 4293 ubi
1157 4237 1232 4297 etde
1244 4239 1291 4298 tls.
1304 4261 1360 4319 30³

379 4303 487 4363 infidias
514 4299 631 4378 fugeret,
663 4322 778 4382 praeceps
810 4326 841 4362 rn
890 4306 949 4384 sqq.

1294 4366 1361 4477 ξος.
