3225 5200
375 488 446 548 210
564 467 875 557 PROOEMIUM
898 478 956 596 m
982 448 1175 562 cornil.
1228 452 1230 457 ’

374 649 564 758 Syrorum
590 663 690 761 orpus
707 665 846 762 generis
863 665 1019 754 femine,
1041 667 1217 762 tibicina,
1239 673 1356 752 citha.

373 789 498 860 ristriae
524 789 578 861 vel
610 791 779 880 fidicinae,
805 794 842 864 in
866 794 921 864 his
942 796 1096 868 tabernis
1124 798 1245 874 haberi
1270 802 1360 878 sole.

374 913 471 995 bant.
489 915 598 988 Notae
610 915 681 988 illae
691 915 940 989 Ambubaiarum
955 918 1198 992 nominesunt
1215 924 1360 1015 eleo-

374 1039 464 1110 ratio
489 1057 524 1111 et
541 1041 721 1111 Suetonio.
774 1039 853 1112 Nec
880 1061 967 1111 vern
991 1064 1077 1112 cum
1107 1041 1287 1140 Scaligero
1313 1043 1360 1117 de

375 1161 492 1234 vetula
509 1163 752 1260 cogitandum,
769 1164 834 1258 qui
850 1162 993 1240 mitrata
1010 1163 1077 1235 elle
1093 1184 1251 1239 narratur
1268 1190 1301 1240 v,
1328 1189 1366 1250 r,

374 1303 459 1356 cum
475 1284 583 1358 etiam
600 1284 733 1381 puellas
749 1303 784 1356 et
802 1285 1013 1384 juvenculas
1025 1286 1145 1374 mitra,
1168 1287 1228 1359 seu¹
1250 1286 1358 1361 fascia

375 1432 415 1480 ac
444 1410 655 1498 diademate,
683 1409 974 1508 comprehensam
1003 1427 1038 1484 et
1061 1411 1260 1486 involutam
1284 1426 1357 1507 'co-

376 1555 473 1605 mam
492 1531 742 1606 habuillesatis
759 1534 906 1608 constet.
1076 1528 1081 1536 ’
1200 1536 1204 1540 ’

427 1655 577 1730 Carmen
607 1651 674 1728 hoc
705 1655 856 1754 Virgilio
888 1661 997 1758 vulgo
1020 1662 1181 1736 tribuunt
1203 1663 1362 1754 codices,

377 1784 439 1880 qui
455 1782 591 1856 minora
606 1783 785 1878 poematia
802 1783 996 1868 continent,
1013 1784 1122 1857 etiam
1137 1783 1361 1860 Grammati-

377 1933 438 1982 cus
460 1910 501 1996 is,
522 1911 585 2006 qui
602 1911 722 1982 Servio
740 1909 776 1980 in
799 1909 914 1982 fronte
931 1906 1092 1980 AEneitfis
1110 1909 1187 1982 luos
1206 1910 1360 1982 attexuit

376 2059 523 2134 pannos,
543 2053 622 2108 tum
638 2035 781 2133 gravior
794 2030 931 2106 caeteris
954 2031 1075 2104 auelor
1095 2029 1269 2128 Sofipater
1286 2032 1361 2105 Ca-

308 2167 311 2178 ’
377 2157 475 2230 rifius
488 2157 504 2228 Ι
517 2157 631 2232 Instit.
650 2157 814 2229 Gramm.
828 2182 911 2254 pag.
928 2182 974 2250 47
993 2153 1148 2240 Putsch„
1159 2155 1242 2228 ubi:
1269 2173 1357 2250 cupa,

378 2289 518 2381 supanis,
543 2284 669 2378 inquit,
692 2297 726 2353 ut
740 2284 841 2374 fullo,
854 2280 1002 2374 fullonis,
1032 2284 1178 2378 quamvis
1204 2277 1362 2377 Virgilius

380 2409 495 2479 librum
516 2406 613 2500 suarm
646 2405 765 2500 Cupam
792 2405 997 2500 irfirtpserit.
1065 2401 1195 2477 Vereor
1225 2421 1362 2490 tamen,

378 2556 425 2607 ne
441 2533 509 2605 hoc
531 2524 800 2625 ipsumtserioris
823 2523 1083 2623 interpolatoris
1100 2523 1282 2626 judicium
1301 2525 1360 2613 fit,

379 2670 399 2727 a
415 2675 498 2729 rect
513 2655 593 2727 loco
605 2653 684 2725 satis
701 2652 871 2728 alienum
940 2650 1108 2725 Prisciani
1118 2654 1165 2726 ab
1176 2653 1254 2754 aliis
1270 2674 1359 2730 auc-

271 2872 273 2876 *
378 2782 556 2855 toritatem
571 2802 758 2875 perperam
781 2778 928 2866 laudari,
950 2777 1169 2851 Burmannus
1189 2778 1356 2855 docuitsl.

378 2930 412 2982 s.
463 2904 591 2999 Nuper
619 2898 755 2973 dooliff..
785 2901 850 2987 vir,
884 2896 1105 2986 Wernsdorf,
1138 2899 1210 2971 hoc¹
1239 2899 1359 2995 ipsum

379 3054 523 3104 carmen
540 3026 680 3123 repetiit
699 3014 741 3096 ἰτῐ
756 3020 857 3095 Po'e't.
876 3023 1002 3094 minor.
1029 3023 1075 3094 T.
1094 3020 1131 3092 II
1152 3021 1196 3093 ad
1220 3024 1360 3095 calcem

381 3152 545 3249 Septimii
563 3148 680 3248 Sereni
697 3146 989 3243 fragmentorum,
1007 3168 1116 3240 quem
1135 3141 1238 3240 hujus
1249 3142 1361 3238 ipsius

379 3277 546 3352 carminis
570 3276 747 3347 auctorem
766 3267 832 3339 elle
853 3268 966 3339 malit.
1016 3265 1159 3338 Adeant
1174 3290 1269 3352 eum,
1294 3266 1362 3361 qui

379 3399 483 3493 plura
499 3398 544 3471 ad
561 3393 763 3469 illustranda
781 3392 887 3463 verba
901 3390 1068 3460 carminis
1085 3386 1291 3460 desiderant.

429 3525 610 3595 Caeterum
628 3518 722 3613 elegi·
733 3518 770 3588 hi
787 3540 859 3586 non
877 3514 986 3586 modo
1006 3512 1173 3585 orationis
1186 3512 1359 3584 Romanae

379 3642 553 3745 elegantia
571 3640 628 3711 sed
646 3640 756 3709 etiam·
770 3656 847 3709 toto
866 3638 1031 3709 carminis
1049 3634 1172 3706 habitu
1190 3636 1368 3733 cultuque·

378 3764 452 3843 non
469 3768 630 3864 vulgares
647 3762 724 3833 sunt
741 3785 805 3833 nee
824 3759 1078 3831 contemnendi
1105 3757 1226 3853 poe'tae
1250 3758 1364 3830 lusus.-

378 3898 453 3973 Etsr
470 3895 579 3979 enim,
609 3888 740 3987 majore
768 3913 810 3959 ex
836 3907 951 3983 parte,
975 3910 1096 3958 earum
1121 3902 1359 3977 rerumquae

377 4022 420 4093 ad
438 4018 653 4089 hilaritatem
672 4015 821 4085 inuit-are
836 4010 989 4107 poffunt,
1006 4009 1271 4083 enumeratione
1293 4005 1361 4078 ab·

341 4203 343 4207 .
377 4140 576 4223 solvuntur:
602 4159 653 4205 res
672 4152 795 4205 tamen·
809 4130 1070 4229 suntjucundae
1087 4150 1122 4204 et
1138 4130 1181 4202 ad
1195 4129 1366 4202 animum

374 4230 581 4349 sensumque
593 4272 717 4353 gratae.
759 4255 989 4327 Auelumnali
1001 4270 1123 4326 autem
1141 4252 1200 4325 die
1216 4251 1363 4325 institu-

375 4402 449 4453 tam
465 4360 766 4473 compotationem
778 4375 937 4474 cogitare
951 4373 1084 4447 necesse
1101 4370 1160 4446 est.
1181 4370 1229 4445 cf„
1249 4396 1283 4444 v.
1300 4394 1364 4446 ιι.
