3225 5200
390 503 432 582 16
670 499 1158 580 PROOE-Mrunts·

388 698 527 793 paravit
542 721 628 770 mox
644 713 800 770 veterem
808 697 1061 772 ’membranam
1072 698 1130 771 seu
1142 719 1305 796 excerpta
1322 691 1365 776 1³.

389 819 526 893 Pithoei
546 841 582 894 et
601 821 710 894 aliam
734 824 822 893 Ant.
851 821 973 892 Contii
999 822 1021 914 J
1026 821 1084 894 Cti
1110 824 1365 916 membranam,

388 947 497 1018 etiam
507 943 678 1018 editiones
688 942 1014 1041 veteres‚‘Josephus
1023 943 1189 1039 Scaliger,
1200 945 1368 1043 idemque

388 1066 650 1142 emendationes
667 1063 797 1167 adjecit
813 1066 998 1161 plurimas,
1014 1066 1134 1138 dotus
1149 1068 1285 1162 utique,
1305 1067 1367 1140 sed

388 1216 468 1288 raro
480 1192 557 1264 ulla
573 1190 713 1287 ingenii
724 1191 781 1261 vel
797 1190 963 1264 didionis
978 1214 1020 1262 ac
1037 1190 1176 1268 numeri
1193 1188 1366 1264 facilitate

389 1315 424 1388 se
448 1315 650 1411 probantes,
699 1312 740 1386 P.
771 1313 945 1404 Pithoeus,
969 1317 1032 1413 qui
1048 1317 1140 1390 haud
1158 1317 1273 1389 multo
1282 1317 1367 1412 post

392 1437 612 1536 Scaligerum
628 1441 900 1538 Epigrammata
917 1461 953 1514 et
968 1443 1150 1516 Poematia
1164 1462 1281 1534 vetera
1291 1444 1370 1516 edi'·

391 1563 458 1650 dit,
483 1564 649 1636 haetenus
677 1589 748 1636 non
766 1566 856 1636 nihil
875 1564 913 1634 in
932 1565 1095 1636 Culicem
1110 1584 1146 1637 et
1163 1566 1264 1640 Cirin
1280 1592 1368 1640 con·

389 1686 504 1762 tulisse
519 1690 629 1761 videri
641 1687 759 1775 debet,
775 1690 872 1784 quod
888 1690 924 1761 in
939 1713 982 1760 eo
993 1689 1159 1764 leniores
1174 1707 1367 1763 occurrunt

392 1811 583 1896 nonnullae,
601 1835 687 1905 quas
702 1811 797 1906 apud
821 1812 907 1884 alios
924 1835 994 1885 non
1009 1813 1204 1885 observavi.
1254 1813 1369 1886 Scali-

390 1957 537 2033 geranas
563 1937 827 2010 emendationes
852 1937 923 2011 fine
939 1938 1075 2012 deleebu
1094 1939 1228 2036 recepit
1242 1963 1369 2012 omnes
1470 1969 1474 1978 ·

394 2053 661 2148 Taubmannus,
676 2063 739 2158 qui
753 2062 915 2136 Culicem
924 2063 1181 2136 commentario
1194 2061 1371 2149 instruxit,

392 2181 454 2256 sed
471 2184 532 2278 qui
550 2203 644 2256 totus
661 2209 704 2258 ex
723 2185 891 2282 Scaligeri
916 2187 1045 2280 opibus
1061 2185 1206 2282 aliisque
1222 2187 1368 2260 eruditis

392 2307 518 2400 copiis,
537 2307 699 2399 inprimis
714 2307 861 2392 Barthii‚
878 2306 940 2401 qui
956 2307 1104 2378 Advers.
1123 2307 1188 2376 lib.
1207 2307 1294 2395 XX,
1323 2330 1366 2401 13

394 2441 503 2530 “195
532 2425 890 2522 XXI,3et9et18.
910 2445 957 2500 20
974 2443 1009 2496 et
1027 2447 1069 2519 23
1091 2425 1254 2518 Culicem
1270 2449 1369 2498 erna-

391 2545 510 2621 curare
528 2547 649 2635 voluit,
664 2545 920 2621 consarcinatus
936 2547 1006 2630 est;
1031 2549 1092 2644 qui
1110 2547 1205 2619 enim
1223 2546 1369 2643 ingenio

391 2670 456 2743 suo
471 2672 559 2743 adeo
575 2672 757 2767 indulgere
773 2690 930 2743 narratus
942 2672 1003 2757 est,
1022 2672 1288 2759 Taubmannus,
1307 2672 1371 2767 ju-

394 2791 492 2865 dicio
508 2792 570 2863 suo
586 2791 659 2888 ipse
674 2792 763 2865 nihil
779 2791 916 2889 prorsus
925 2791 1082 2865 tribuisse
1095 2794 1257 2875 videtum
1282 2792 1371 2864 adeo

393 2933 487 2989 totus
504 2941 545 2987 ex
557 2918 706 2989 aliorum
723 2918 886 2989 acumine
902 2918 1045 3012 pendet.
1099 2917 1272 2989 Bembina
1285 2915 1369 2986 hinc

393 3037 498 3109 leeno
518 3036 739 3133 Scaligerana
760 3034 1006 3108 emendatione
1023 3034 1146 3131 passim
1165 3034 1369 3129 interpolari
1465 3056 1470 3069 ·

394 3160 532 3257 coepit3
558 3160 664 3255 idque
680 3156 899 3229 diversorum
917 3156 1074 3229 virorum
1086 3155 1371 3249 dodorumope-

394 3312 447 3359 ra.
495 3286 593 3357 Nam
604 3286 684 3357 etin
697 3281 945 3384 Heinsranisac
959 3279 1370 3385 Burmannianiseditio-

395 3409 500 3479 nibus
526 3408 607 3481 satis
630 3406 865 3479 inconstanter
892 3406 1006 3477 multa
1025 3401 1185 3518 expressa
1201 3401 1266 3472 esse
1283 3399 1369 3471 vidi.

398 3531 493 3601 Cum
509 3528 679 3623 inpriore
695 3525 862 3611 editione,
888 3523 1057 3619 quoniam
1071 3546 1135 3617 per
1150 3539 1268 3593 toturn
1285 3519 1371 3591 Ma·
1476 3580 1479 3589 .

396 3674 518 3721 ronem
537 3650 604 3721 hoc
619 3648 755 3721 secutus
772 3669 879 3729 eram,
897 3641 1083 3718 teotonem
1099 3641 1264 3713 editionis
1282 3642 1373 3715 Bur-

397 3772 596 3845 mannianae
613 3768 767 3867 majoris,
783 3788 892 3862 quam
903 3765 942 3837 in
952 3762 1131 3835 nonnullis
1148 3764 1193 3834 ab
1206 3764 1373 3848 Heinsta7

395 3925 453 3984 na,
478 3872 586 3971 etiam
610 3922 630 3968 a
656 3896 791 3967 minore
816 3891 1011 3965 Burmanni
1041 3911 1144 3984 1704,
1174 3889 1372 3982 discrepare

396 4023 484 4107 vidi,
508 4020 725 4095 retinuissem
744 4046 753 4090 :
787 4016 825 4089 in
848 4041 939 4089 nova
956 4019 1020 4088 hac
1038 4013 1234 4087 recensione
1249 4011 1373 4105 paullo

397 4146 560 4245 licentius
573 4145 724 4216 versatus
741 4144 818 4215 sum
829 4146 865 4213 in
878 4141 1028 4214 sessione
1044 4135 1224 4221 mutanda,
1233 4132 1373 4229 quoties

396 4272 531 4345 ratione
546 4269 626 4342 satis
643 4270 770 4343 idonea
796 4267 835 4341 id
860 4290 920 4342 me
941 4264 1055 4337 facere
1070 4261 1269 4335 arbitrarer.
1322 4255 1373 4329 Iis

1273 4401 1370 4453 etum
