3225 5200
398 539 465 620 192
541 517 582 592 Ρ.
617 513 901 602 vlucruu
933 516 1225 645 Mannum

393 718 459 792 Ait
475 719 574 804 fuisse
590 720 703 792 mulio
718 719 946 801 celerrimum

394 855 522 948 Neque
536 854 641 924 ullius
658 853 808 924 volantis
821 853 999 948 impetum
1015 854 1091 927 cisl
1160 833 1165 840 ⁸

392 988 560 1083 Nequille
576 986 778 1083 praeterire:
803 987 873 1059 five
891 988 1081 1063 Mantuam

369 1123 372 1128 “
391 1119 497 1218 Opus
514 1117 603 1191 foret
619 1119 748 1206 volare,
774 1117 844 1190 five
860 1117 1030 1194 Brixiam.
1354 1140 1371 1219 ς

393 1252 521 1350 Neque
537 1255 605 1334 hoc
621 1273 727 1352 negat
744 1253 949 1350 Tryphonis
968 1230 1089 1325 aemuli
1102 1251 1229 1326 domus

393 1388 535 1484 Negare
551 1377 721 1474 nobilem,
745 1384 940 1461 insulamve
955 1386 1080 1460 caeruli
1098 1413 1109 1457 ι
1149 1436 1157 1443 -

394 1525 473 1604 Ubi
489 1523 563 1616 iste,
586 1522 665 1621 post
681 1520 843 1608 Sabinus,
867 1541 948 1594 ante
965 1519 1137 1618 ,Qinelio

394 1653 544 1726 Bidente
561 1651 650 1724 dicit
666 1650 862 1730 adtendisse
879 1652 1015 1749 forcipe

396 1786 665 1873 Comatacolla,
691 1796 805 1881 neq'ua
821 1785 1015 1872 sordidum,
1033 1784 1126 1881 jugo
1330 1809 1375 1876 un

395 2005 457 2045 eum
470 1985 608 2050 hominem
621 1986 788 2066 epigramma
799 2006 863 2044 ana
911 1984 991 2042 ritulo
1020 1984 1111 2040 statuae
1133 1982 1191 2040 haec
1222 1982 1284 2040 sunt
1313 2000 1375 2060 pet·

286 2127 289 2134 ,
395 2063 514 2134 Marone
530 2065 678 2142 profetlum
693 2064 735 2131 su,
754 2063 861 2142 gravio-
912 2060 1022 2139 scripta.

395 2159 453 2198 rem
471 2142 605 2200 auuorem
618 2159 698 2217 quam
711 2159 783 2208 eum,
812 2140 861 2216 qni
950 2158 977 2213 3.
1000 2139 1086 2214 Neque
1106 2137 1180 2194 ullas
1198 2125 1377 2197 volanta'ia-

393 2217 531 2276 cataleera
554 2217 678 2294 collegit,
701 2236 755 2274 nou
779 2217 860 2275 habe-
906 2229 992 2294 prtum
1017 2217 1060 2291 cfi
1084 2214 1196 2292 Nequffl
1214 2223 1376 2289 praeterire:

395 2314 466 2354 mus.
505 2293 680 2372 Epigramma
705 2293 808 2350 Catulli
832 2292 861 2352 in
912 2291 1024 2367 nullius,
1055 2290 1118 2348 licet
1142 2289 1277 2348 celerrimi
1306 2288 1377 2364 citii.

394 2367 536 2434 Pbaselurn
564 2369 660 2501 “Pil‘'
694 2367 761 2441 IV),
786 2371 860 2446 quod
910 2369 1016 2436 cursum
1040 2367 1151 2444 potuille
1175 2365 1309 2453 preterire
1335 2366 1377 2423 vel

395 2459 550 2522 comparent
572 2445 612 2502 stu
633 2444 681 2502 iofi
701 2445 798 2502 necrffe
812 2446 860 2513 est,
909 2442 1032 2522 superare
1040 2445 1134 2502 cifium
1145 2443 1274 2501 mulionis
1283 2443 1375 2516 hujus.

393 2521 508 2599 parodia
530 2523 675 2599 exprellum
697 2521 757 2588 elle,
776 2521 860 2580 obvia
912 2522 1005 2599 Cfium
1026 2539 1108 2611 genus
1134 2517 1251 2578 vehiculi
1265 2516 1375 2576 levioris

394 2615 437 2655 rea
461 2600 507 2659 est.
552 2597 722 2675 interpretes,
748 2616 860 2657 acumen
910 2593 1376 2670 binierotrsinsttulli:vid.Burm.

394 2676 493 2733 horum
516 2674 672 2750 lamborum
697 2674 727 2731 in
752 2674 861 2753 singulis
910 2676 943 2731 ad
959 2675 1016 2732 lul.
1044 2698 1119 2753 neque
1131 2698 1162 2731 ne
1177 2676 1234 2749 affl
1256 2691 1378 2749 pronon

395 2750 514 2813 verlibua
529 2751 657 2808 illustrare
674 2751 806 2817 contenti,
825 2753 861 2809 de
909 2751 1031 2826 potuiss'e,
1045 2698 1269 2819 utinterrlumfin
1296 2746 1378 2820 Geae-

394 2828 498 2885 summa
504 2826 630 2885 carminis
638 2825 678 2884 nil
689 2840 859 2885 monuerunt.
909 2846 943 2885 co
956 2846 1040 2887 more.

395 2902 509 2965 Scilicet
528 2902 648 2967 solebant
662 2900 792 2965 Consules
811 2922 860 2981 pro
948 2906 975 2962 6.
996 2926 1025 2982 7.
1059 2904 1215 2981 Legendum
1242 2920 1305 2959 cum
1338 2899 1379 2979 Is.

394 2981 453 3041 aede
464 2978 583 3046 Castoris
595 2977 701 3041 sedere:
723 2980 760 3036 ita
771 2984 861 3053 sedem
910 2977 1021 3041 Voffio:
1049 2982 1084 3040 Et
1106 2980 1148 3039 hoc
1169 3003 1212 3037 nec
1236 2997 1283 3038 aut
1309 2978 1379 3058 Tq-

389 3073 439 3191 fro
449 3059 503 3115 aede
516 3058 626 3133 Castoris
639 3054 773 3134 Antonius
786 3056 859 3124 Phil.
904 3056 992 3133 phanis
1023 3057 1110 3130 ‹emuli
1144 3059 1238 3114 domum
1269 3057 1376 3133 Negare

410 3134 592 3205 11,11;nec
616 3133 726 3201 mirum,
747 3152 811 3192 cum
831 3133 861 3194 in
911 3132 981 3205 (scil.
1004 3132 1057 3209 ait)
1087 3131 1201 3201 nobilem,
1233 3132 1378 3209 insum

393 3211 487 3269 eadem
501 3208 633 3287 adesaepe
655 3212 766 3273 Senarus
779 3210 859 3270 habe-
912 3210 1026 3279 Caeruli.
1061 3209 1193 3285 Tryphon
1204 3220 1234 3264 et
1253 3206 1379 3270 Caerulm

394 3301 488 3345 retur:
510 3286 589 3345 Verr.
613 3284 639 3355 Ι,
659 3307 696 3365 49
710 3300 780 3345 extr.
821 3289 861 3350 At
911 3286 1062 3345 muliones:
1107 3287 1177 3343 alter
1207 3284 1254 3342 hic
1287 3288 1377 3343 eustos

394 3376 457 3420 ante
468 3362 579 3420 eandem
589 3363 674 3421 aedem
684 3364 776 3420 multae
784 3375 860 3421 erant
909 3360 1060 3430 insulanus,
1079 3362 1109 3420 h.
1130 3360 1235 3433 insulae,
1256 3366 1380 3430 σνιοικίᾳς

395 3440 500 3496 ilatuae:
522 3438 584 3495 vide
598 3458 624 3494 v.
647 3458 674 3510 c,
700 3439 763 3495 Cic.
785 3438 859 3497 Phil.
910 3436 939 3495 iu
958 3439 1049 3515 aliqua
1069 3438 1135 3496 urbe
1153 3450 1181 3493 et
1197 3437 1376 3501 aedificiorum

396 3513 503 3591 v1,5,
553 3512 647 3591 Fingit
677 3513 763 3591 igitur
788 3516 860 3593 apud
909 3514 1085 3574 locandorum
1098 3513 1191 3575 curam
1204 3514 1316 3586 habens,

395 3589 516 3649 animum
555 3603 624 3657 oeta,
648 3588 820 3661 Ventidium,
833 3605 861 3649 et
950 3594 966 3659 ,8
990 3590 1048 3680 sqq.
1081 3590 1286 3657 Submulionem
1312 3609 1379 3655 enm

395 3666 507 3747 quidem
554 3665 684 3731 onsulem,
710 3680 739 3724 ut
758 3686 791 3725 ex
812 3667 859 3726 vll.
909 3680 971 3725 aute
995 3667 1073 3726 furffe
1104 3667 1143 3724 ait
1174 3666 1298 3747 Qine’rii
1325 3668 1378 3727 ali·

395 3741 860 3897 {lnttpffteliltlrleiil
910 3743 1378 3881 ‘lstnlll‘rttlxtllzt

395 3896 861 4054 nuutituteuglslr
908 3839 1245 4032 iuuentute·
1266 3896 1377 4053 ele?

396 4048 481 4126 Quod
496 4050 653 4107 Sabinuma
671 4051 763 4129 pellat,
776 4053 861 4129 potest
900 4057 1000 4129 forceps
1025 4050 1053 4108 h.
1074 4050 1093 4105 l.
1119 4068 1170 4124 pro
1192 4048 1299 4118 forfice,
1322 4068 1379 4129 qua

395 4146 457 4183 cum
471 4070 859 4211 aliisdeocauslsfatiumeffe,
909 4127 1041 4183 mularum
1063 4125 1131 4201 juba
1152 4124 1180 4182 in
1204 4126 1311 4200 cervice
1335 4142 1380 4185 at·

396 4215 454 4258 tum
468 4202 541 4275 quod
554 4200 674 4261 Picentes
692 4202 797 4269 Sabinis
818 4202 859 4260 vi·
907 4204 1045 4268 tondetur,
1071 4220 1105 4259 ne
1129 4201 1185 4278 'ugi
1209 4204 1306 4263 attritu
1326 4202 1378 4263 ith

395 4276 452 4339 cini
464 4274 533 4332 sunt.
906 4281 1085 4338 exulceretur.
1123 4221 1304 4365 lnArtondff·
1318 4298 1380 4339 me-

435 4373 463 4415 2.
482 4354 531 4412 Ait
538 4358 643 4432 susse:
661 4366 798 4435 tamquam
808 4374 858 4437 pro
906 4354 1218 4436 diameuorepugnatr
1238 4356 1379 4512 immmun-
