3225 5200
319 570 325 586 1
401 538 451 643 9³
681 517 1104 610 PROOEMIUM·

404 732 573 810 carmine.
624 722 811 821 Adscripti
826 723 863 795 in
878 721 1040 818 margine
1053 715 1183 805 v'ersus',
1203 716 1387 816 soepe'im.
1447 728 1451 743 ¹

404 852 568 956 perseeii,
591 874 612 923 a
641 846 801 933 librario,
826 844 890 941 qui
907 838 1131 916 describebat
1147 837 1326 928 codicem,
1346 839 1389 917 in

405 998 546 1057 textum
562 977 641 1051 sunt
656 974 814 1070 lec'epti:
838 968 1002 1044 nonnulli
1017 967 1098 1039 satis
1112 964 1243 1063 arguti,
1265 963 1327 1037 alii
1342 988 1387 1037 ex

407 1106 581 1181 similibus
612 1118 773 1175 veterum
808 1096 998 1196 poetarum
1030 1094 1122 1167 locis
1157 1093 1300 1165 terraen-
1329 1092 1388 1165 vel

407 1228 622 1315 adumbrati,
671 1245 743 1321 qua
786 1220 832 1294 de
886 1243 926 1291 re
970 1216 1076 1313 supra
1119 1214 1167 1287 ud
1191 1237 1193 1250 ¹
1221 1214 1390 1287 Culicem

407 1352 548 1427 dietum
572 1348 634 1424 est,
693 1342 848 1418 ncceffit
874 1344 943 1414 alia
973 1339 1167 1427 calamitas,
1192 1355 1235 1411 ut
1257 1339 1393 1411 earmi-

322 1486 325 1493 “
359 1512 366 1519 -
408 1472 547 1547 milla
576 1494 642 1567 per
667 1453 769 1566 plura
799 1465 929 1540 saecula
955 1464 1078 1561 ignota
1100 1476 1146 1537 ,et
1168 1460 1307 1559 sepulta
1330 1461 1392 1561 ja..

410 1611 544 1685 cerens,
570 1610 607 1663 et
637 1607 678 1663 ut
710 1588 771 1667 vix
801 1602 915 1659 unum
945 1584 1005 1655 vel
1030 1583 1181 1655 alterum
1208 1582 1392 1677 exemplar

410 1722 457 1794 ad
500 1718 655 1792 nostram
702 1730 847 1787 aetatem
895 1708 1117 1806 pervenirem
1166 1706 1265 1804 quod
1303 1714 1390 1779 cum

410 1841 567 1917 obscuris
603 1835 894 1938 fugientibusque
927 1832 1056 1908 litteris
1088 1830 1213 1905 oculos
1253 1827 1391 1903 librarii

411 1968 631 2053 tecentioriS,
678 1979 739 2039 aut
777 1964 888 2038 etiam
927 1970 1117 2059 operarum
1157 1957 1393 2055 typographi

412 2114 549 2181 earum,
579 2093 727 2181 falleret,
756 2090 971 2189 corruptelas
997 2086 1151 2160 infinitas
1177 2083 1299 2158 inferri
1328 2106 1395 2157 ne..

413 2216 505 2289 cesse
522 2216 603 2287 suit.
984 2218 987 2224 “
1361 2230 1364 2235 ·

466 2336 679 2431 Conspirsnt
693 2334 815 2430 itaque
830 2334 867 2405 in
888 2333 1100 2430 corruptelis
1123 2331 1295 2415 editiones
1319 2329 1392 2405 stre

385 2536 387 2541 ,
415 2479 552 2547 omnes,
578 2481 644 2531 nec
661 2468 681 2531 e'
697 2458 796 2532 libris
821 2458 972 2554 scriptis,
993 2459 1055 2555 qui
1080 2475 1116 2530 et
1132 2464 1280 2529 numero
1304 2466 1396 2550 pau-

415 2581 555 2672 eiffimi,
576 2601 625 2672 et,
650 2601 826 2682 quantum
851 2584 1024 2682 intelligo,
1049 2607 1172 2656 omnes
1186 2580 1396 2655 recentiores

416 2701 1148 2800 sunt,auxiliumexpeslaripollevidetur.
1176 2702 1261 2774 Nic.
1279 2699 1399 2771 Hein-

417 2821 486 2896 sius
504 2823 540 2894 in
549 2822 716 2920 -Epislola
730 2826 776 2898 ad
791 2823 984 2896 Ostorium
998 2822 1246 2896 Falconerium
1258 2822 1399 2906 fatetur,

420 2943 512 3024 ‚Ciris
529 2945 709 3040 exemplar
724 2944 789 3016 fibi
813 2944 954 3019 nullum
970 2943 1132 3014 evolvere
1149 2942 1293 3028 licuisse,
1318 2957 1410 3012 anto

419 3085 533 3141 artem
578 3065 874 3164 typographicam
936 3067 1119 3145 inventam
1166 3065 1399 3160 descriptum.

419 3189 568 3264 Evolvit
585 3207 705 3261 tamen
723 3189 784 3260 ille
800 3190 919 3286 postea
936 3189 1000 3262 ms.
1014 3186 1255 3271 Basileense'm,
1266 3205 1328 3257 aut
1339 3211 1402 3258 va·
1458 3192 1462 3197 “

420 3312 573 3383 riantem
603 3311 792 3384 leslionem
809 3335 853 3382 ex
869 3335 913 3383 eo
928 3310 1089 3404 accepit3
1113 3307 1271 3380 attamen
1287 3324 1324 3378 ct
1340 3308 1402 3380 ille

413 3431 492 3510 ¹fuit
507 3435 721 3522 chartaceus,
744 3453 791 3522 et,
808 3452 982 3531 quantum
1000 3434 1171 3530 intelligo,
1196 3433 1235 3504 in
1250 3455 1402 3530 corrupa

423 3553 509 3628 telas
525 3557 686 3650 vulgares
710 3558 844 3652 ubique
862 3557 1050 3631 consentit.
1101 3556 1231 3630 Abfuit
1259 3557 1354 3629 Ciris
1382 3581 1405 3631 a

423 3677 540 3771 prima
566 3675 712 3774 Virgilii
740 3677 910 3766 editione,
935 3677 997 3750 etsi
1024 3703 1065 3749 ea
1095 3677 1239 3752 minora
1257 3678 1404 3776 Virgilii

425 3796 604 3892 poematia
631 3797 895 3894 complectitur,
921 3798 1059 3891 accessit
1074 3801 1213 3874 veroin
1243 3800 1406 3871 Romana

373 3985 377 3991 .
425 3923 554 4012 altera:
580 3921 655 3994 vid.
675 3919 875 4021 Recensum
887 3920 969 3993 edd.
986 3922 1033 3994 T.
1046 3922 1077 3994 l.
1106 3921 1244 3994 Omissa
1259 3921 1342 3992 hinc
1359 3922 1408 3992 ab

425 4042 516 4129 aliis,
548 4045 593 4116 ab
620 4045 700 4119 aliis
729 4047 874 4120 addita:
907 4048 957 4119 cs.
987 4045 1175 4118 Fontanin.
1204 4045 1300 4117 Hist.
1332 4047 1406 4120 litt.

425 4164 584 4262 Aquilei·
601 4193 639 4266 p.
652 4195 714 4263 40.
744 4156 915 4248 Enarrare
925 4194 1004 4246 eam
1016 4173 1155 4269 primus
1169 4169 1345 4270 aggressus
1358 4169 1409 4241 est

1276 4287 1411 4368 Domi-
