<?xml version="1.0" encoding="UTF-8"?>
<!DOCTYPE html PUBLIC "-//W3C//DTD XHTML 1.0 Transitional//EN"
    "http://www.w3.org/TR/xhtml1/DTD/xhtml1-transitional.dtd">
<html xmlns="http://www.w3.org/1999/xhtml" xml:lang="en" lang="en">
 <head>
  <title>
</title>
<meta http-equiv="Content-Type" content="text/html;charset=utf-8" />
  <meta name='ocr-system' content='tesseract 3.04.00' />
  <meta name='ocr-capabilities' content='ocr_page ocr_carea ocr_par ocr_line ocrx_word'/>
</head>
<body>
  <div class='ocr_page' id='page_1' title='image "./operavarietatel02virggoog_0162.png"; bbox 0 0 3225 5200; ppageno 0'>
   <div class='ocr_carea' id='block_1_1' title="bbox 635 519 1317 641">
    <p class='ocr_par' dir='ltr' id='par_1_1' title="bbox 635 519 1317 641">
     <span class='ocr_line' id='line_1_1' title="bbox 635 519 1317 641; baseline 0.015 -32"><span class='ocrx_word' id='word_1_1' title='bbox 635 519 871 613; x_wconf 85' lang='lat' dir='ltr'><strong>CIRIS.</strong></span> <span class='ocrx_word' id='word_1_2' title='bbox 1175 530 1317 641; x_wconf 70' lang='lat'>163&#39;</span> 
     </span>
    </p>
   </div>
   <div class='ocr_carea' id='block_1_2' title="bbox 227 712 1238 1246">
    <p class='ocr_par' dir='ltr' id='par_1_2' title="bbox 251 712 1133 833">
     <span class='ocr_line' id='line_1_2' title="bbox 251 712 1133 833; baseline -0.002 -20"><span class='ocrx_word' id='word_1_3' title='bbox 251 726 403 813; x_wconf 72' lang='lat' dir='ltr'>Deserit</span> <span class='ocrx_word' id='word_1_4' title='bbox 419 712 577 833; x_wconf 73' lang='lat' dir='ltr'>angustis</span> <span class='ocrx_word' id='word_1_5' title='bbox 591 724 766 809; x_wconf 76' lang='lat' dir='ltr'>incusum</span> <span class='ocrx_word' id='word_1_6' title='bbox 783 736 944 811; x_wconf 59' lang='lat' dir='ltr'>trucibus</span> <span class='ocrx_word' id='word_1_7' title='bbox 962 738 1133 827; x_wconf 66' lang='lat' dir='ltr'>temon,</span> 
     </span>
    </p>

    <p class='ocr_par' dir='ltr' id='par_1_3' title="bbox 227 872 1238 1246">
     <span class='ocr_line' id='line_1_3' title="bbox 227 872 1093 973; baseline -0.002 -24"><span class='ocrx_word' id='word_1_8' title='bbox 227 948 230 955; x_wconf 83' lang='grc'><strong>,</strong></span> <span class='ocrx_word' id='word_1_9' title='bbox 253 874 462 973; x_wconf 84' lang='lat' dir='ltr'>Cypselidae</span> <span class='ocrx_word' id='word_1_10' title='bbox 473 872 596 968; x_wconf 86' lang='lat' dir='ltr'>magni</span> <span class='ocrx_word' id='word_1_11' title='bbox 608 873 769 945; x_wconf 86' lang='lat' dir='ltr'>florentia</span> <span class='ocrx_word' id='word_1_12' title='bbox 785 897 892 969; x_wconf 88' lang='lat' dir='ltr'>regna</span> <span class='ocrx_word' id='word_1_13' title='bbox 906 874 1093 948; x_wconf 68' lang='lat' dir='ltr'>Corinthii</span> 
     </span>
     <span class='ocr_line' id='line_1_4' title="bbox 253 1006 1238 1104; baseline 0 -23"><span class='ocrx_word' id='word_1_14' title='bbox 253 1008 423 1083; x_wconf 85' lang='lat' dir='ltr'>Praeterit-</span> <span class='ocrx_word' id='word_1_15' title='bbox 435 1006 605 1102; x_wconf 82' lang='lat' dir='ltr'>abruptas</span> <span class='ocrx_word' id='word_1_16' title='bbox 622 1007 776 1077; x_wconf 88' lang='lat' dir='ltr'>Scironis</span> <span class='ocrx_word' id='word_1_17' title='bbox 792 1008 951 1102; x_wconf 86' lang='lat' dir='ltr'>protinus</span> <span class='ocrx_word' id='word_1_18' title='bbox 969 1008 1070 1094; x_wconf 79' lang='lat' dir='ltr'>arci-s,</span> <span class='ocrx_word' id='word_1_19' title='bbox 1168 1010 1238 1104; x_wconf 84' lang='lat'><strong>465&#39;</strong></span> 
     </span>
     <span class='ocr_line' id='line_1_5' title="bbox 255 1116 983 1246; baseline 0.001 -35"><span class='ocrx_word' id='word_1_20' title='bbox 255 1141 501 1236; x_wconf 70' lang='lat' dir='ltr'>infestumque</span> <span class='ocrx_word' id='word_1_21' title='bbox 516 1138 586 1211; x_wconf 83' lang='lat' dir='ltr'>tuis</span> <span class='ocrx_word' id='word_1_22' title='bbox 603 1138 691 1211; x_wconf 88' lang='lat' dir='ltr'>dirae</span> <span class='ocrx_word' id='word_1_23' title='bbox 709 1116 983 1246; x_wconf 78' lang='lat' dir='ltr'>testudinis&#39;eti-it</span> 
     </span>
    </p>
   </div>
   <div class='ocr_carea' id='block_1_3' title="bbox 252 1326 1258 3982">
    <p class='ocr_par' dir='ltr' id='par_1_4' title="bbox 252 1326 1258 3982">
     <span class='ocr_line' id='line_1_6' title="bbox 260 1326 1240 1397; baseline 0 -22"><span class='ocrx_word' id='word_1_24' title='bbox 260 1366 263 1373; x_wconf 91' lang='grc'><em>,</em></span> <span class='ocrx_word' id='word_1_25' title='bbox 286 1327 344 1387; x_wconf 79' lang='grc'>464.</span> <span class='ocrx_word' id='word_1_26' title='bbox 363 1332 472 1397; x_wconf 62' lang='lat' dir='ltr'>Gspselidae</span> <span class='ocrx_word' id='word_1_27' title='bbox 488 1334 561 1396; x_wconf 72' lang='lat' dir='ltr'>mgni</span> <span class='ocrx_word' id='word_1_28' title='bbox 571 1330 674 1395; x_wconf 79' lang='lat' dir='ltr'>florentia</span> <span class='ocrx_word' id='word_1_29' title='bbox 693 1348 756 1393; x_wconf 80' lang='lat' dir='ltr'>regna</span> <span class='ocrx_word' id='word_1_30' title='bbox 783 1331 884 1381; x_wconf 66' lang='lat' dir='ltr'>Corinthi</span> <span class='ocrx_word' id='word_1_31' title='bbox 915 1332 1046 1383; x_wconf 81' lang='lat' dir='ltr'>Neminem</span> <span class='ocrx_word' id='word_1_32' title='bbox 1062 1334 1089 1382; x_wconf 87' lang='lat' dir='ltr'>itt</span> <span class='ocrx_word' id='word_1_33' title='bbox 1106 1330 1178 1381; x_wconf 70' lang='lat' dir='ltr'>versu</span> <span class='ocrx_word' id='word_1_34' title='bbox 1192 1326 1240 1377; x_wconf 72' lang='lat' dir='ltr'>hoe</span> 
     </span>
     <span class='ocr_line' id='line_1_7' title="bbox 253 1396 1239 1473; baseline 0.004 -22"><span class='ocrx_word' id='word_1_35' title='bbox 253 1396 342 1455; x_wconf 79' lang='lat' dir='ltr'>haefitte</span> <span class='ocrx_word' id='word_1_36' title='bbox 361 1408 446 1457; x_wconf 70' lang='lat' dir='ltr'>videm</span> <span class='ocrx_word' id='word_1_37' title='bbox 463 1408 534 1467; x_wconf 78' lang='lat' dir='ltr'>hahet</span> <span class='ocrx_word' id='word_1_38' title='bbox 550 1418 632 1456; x_wconf 86' lang='lat' dir='ltr'>tamen</span> <span class='ocrx_word' id='word_1_39' title='bbox 643 1406 708 1469; x_wconf 87' lang='lat' dir='ltr'>quod</span> <span class='ocrx_word' id='word_1_40' title='bbox 715 1406 829 1455; x_wconf 70' lang='lat' dir='ltr'>offendat·</span> <span class='ocrx_word' id='word_1_41' title='bbox 866 1409 999 1473; x_wconf 75' lang='lat' dir='ltr'>Cypselum</span> <span class='ocrx_word' id='word_1_42' title='bbox 1010 1410 1133 1459; x_wconf 71' lang='lat' dir='ltr'>Bacchidis</span> <span class='ocrx_word' id='word_1_43' title='bbox 1139 1406 1239 1471; x_wconf 61' lang='lat' dir='ltr'>dejectio</span> 
     </span>
     <span class='ocr_line' id='line_1_8' title="bbox 257 1480 1238 1550; baseline 0.005 -22"><span class='ocrx_word' id='word_1_44' title='bbox 257 1480 373 1531; x_wconf 87' lang='lat' dir='ltr'>Corinthi</span> <span class='ocrx_word' id='word_1_45' title='bbox 384 1486 535 1549; x_wconf 83' lang='lat' dir='ltr'>tyrannidem</span> <span class='ocrx_word' id='word_1_46' title='bbox 547 1484 679 1550; x_wconf 83' lang='lat' dir='ltr'>occupasse,</span> <span class='ocrx_word' id='word_1_47' title='bbox 697 1484 736 1532; x_wconf 88' lang='lat' dir='ltr'>Ol.</span> <span class='ocrx_word' id='word_1_48' title='bbox 756 1480 844 1545; x_wconf 80' lang='lat' dir='ltr'>XXX,</span> <span class='ocrx_word' id='word_1_49' title='bbox 868 1498 894 1545; x_wconf 79' lang='lat'>2,</span> <span class='ocrx_word' id='word_1_50' title='bbox 922 1499 980 1537; x_wconf 83' lang='lat' dir='ltr'>nota</span> <span class='ocrx_word' id='word_1_51' title='bbox 1000 1488 1095 1537; x_wconf 78' lang='lat' dir='ltr'>retest.</span> <span class='ocrx_word' id='word_1_52' title='bbox 1129 1482 1238 1534; x_wconf 76' lang='lat' dir='ltr'>sneeeffit</span> 
     </span>
     <span class='ocr_line' id='line_1_9' title="bbox 258 1556 1237 1626; baseline 0.008 -24"><span class='ocrx_word' id='word_1_53' title='bbox 258 1556 282 1603; x_wconf 92' lang='lat' dir='ltr'>ei</span> <span class='ocrx_word' id='word_1_54' title='bbox 294 1559 430 1617; x_wconf 80' lang='lat' dir='ltr'>Periander,</span> <span class='ocrx_word' id='word_1_55' title='bbox 447 1563 513 1626; x_wconf 80' lang='lat' dir='ltr'>eujus</span> <span class='ocrx_word' id='word_1_56' title='bbox 536 1560 587 1609; x_wconf 88' lang='lat' dir='ltr'>filio</span> <span class='ocrx_word' id='word_1_57' title='bbox 607 1560 783 1609; x_wconf 84' lang='lat' dir='ltr'>Psammeticho</span> <span class='ocrx_word' id='word_1_58' title='bbox 804 1571 902 1609; x_wconf 83' lang='lat' dir='ltr'>mortuo</span> <span class='ocrx_word' id='word_1_59' title='bbox 922 1562 1058 1612; x_wconf 87' lang='lat' dir='ltr'>libertatem</span> <span class='ocrx_word' id='word_1_60' title='bbox 1065 1576 1177 1625; x_wconf 77' lang='lat' dir='ltr'>recepere</span> <span class='ocrx_word' id='word_1_61' title='bbox 1188 1560 1237 1607; x_wconf 84' lang='lat' dir='ltr'>Co·</span> 
     </span>
     <span class='ocr_line' id='line_1_10' title="bbox 257 1635 1238 1708; baseline 0.004 -25"><span class='ocrx_word' id='word_1_62' title='bbox 257 1635 351 1689; x_wconf 86' lang='lat' dir='ltr'>rinthii.</span> <span class='ocrx_word' id='word_1_63' title='bbox 387 1641 470 1708; x_wconf 83' lang='lat' dir='ltr'>Qtaeri</span> <span class='ocrx_word' id='word_1_64' title='bbox 478 1642 529 1705; x_wconf 86' lang='lat' dir='ltr'>jam</span> <span class='ocrx_word' id='word_1_65' title='bbox 537 1638 624 1704; x_wconf 84' lang='lat' dir='ltr'>potest,</span> <span class='ocrx_word' id='word_1_66' title='bbox 641 1640 694 1703; x_wconf 87' lang='lat' dir='ltr'>quis</span> <span class='ocrx_word' id='word_1_67' title='bbox 712 1655 740 1687; x_wconf 85' lang='lat' dir='ltr'>ex</span> <span class='ocrx_word' id='word_1_68' title='bbox 751 1638 788 1687; x_wconf 86' lang='lat' dir='ltr'>his</span> <span class='ocrx_word' id='word_1_69' title='bbox 799 1639 828 1687; x_wconf 84' lang='lat' dir='ltr'>stt</span> <span class='ocrx_word' id='word_1_70' title='bbox 837 1656 922 1704; x_wconf 64' lang='lat' dir='ltr'>magnus</span> <span class='ocrx_word' id='word_1_71' title='bbox 935 1643 1068 1708; x_wconf 74' lang='lat' dir='ltr'>Cypselides?</span> <span class='ocrx_word' id='word_1_72' title='bbox 1101 1639 1238 1701; x_wconf 83' lang='lat' dir='ltr'>Periander,</span> 
     </span>
     <span class='ocr_line' id='line_1_11' title="bbox 256 1716 1236 1785; baseline 0.001 -22"><span class='ocrx_word' id='word_1_73' title='bbox 256 1716 370 1779; x_wconf 80' lang='lat' dir='ltr'>arbitror,</span> <span class='ocrx_word' id='word_1_74' title='bbox 389 1722 430 1784; x_wconf 91' lang='lat' dir='ltr'>qui</span> <span class='ocrx_word' id='word_1_75' title='bbox 440 1730 465 1769; x_wconf 89' lang='lat' dir='ltr'>et</span> <span class='ocrx_word' id='word_1_76' title='bbox 472 1720 535 1768; x_wconf 85' lang='lat' dir='ltr'>inter</span> <span class='ocrx_word' id='word_1_77' title='bbox 542 1720 634 1783; x_wconf 86' lang='lat' dir='ltr'>septem</span> <span class='ocrx_word' id='word_1_78' title='bbox 646 1720 745 1767; x_wconf 75' lang='lat' dir='ltr'>Graeciae</span> <span class='ocrx_word' id='word_1_79' title='bbox 753 1719 967 1785; x_wconf 79' lang='lat' dir='ltr'>sapienteehabitus</span> <span class='ocrx_word' id='word_1_80' title='bbox 978 1720 1019 1770; x_wconf 86' lang='lat' dir='ltr'>est.</span> <span class='ocrx_word' id='word_1_81' title='bbox 1052 1720 1121 1768; x_wconf 81' lang='lat' dir='ltr'>Vixit</span> <span class='ocrx_word' id='word_1_82' title='bbox 1132 1719 1172 1767; x_wconf 89' lang='lat' dir='ltr'>ille</span> <span class='ocrx_word' id='word_1_83' title='bbox 1182 1718 1236 1781; x_wconf 60' lang='lat' dir='ltr'>quiss</span> 
     </span>
     <span class='ocr_line' id='line_1_12' title="bbox 256 1791 1236 1860; baseline 0.002 -21"><span class='ocrx_word' id='word_1_84' title='bbox 256 1791 311 1841; x_wconf 87' lang='lat' dir='ltr'>dem</span> <span class='ocrx_word' id='word_1_85' title='bbox 327 1794 405 1843; x_wconf 87' lang='lat' dir='ltr'>multo</span> <span class='ocrx_word' id='word_1_86' title='bbox 417 1795 467 1860; x_wconf 87' lang='lat' dir='ltr'>post</span> <span class='ocrx_word' id='word_1_87' title='bbox 487 1794 601 1853; x_wconf 68' lang='lat' dir='ltr'>Minoem</span> <span class='ocrx_word' id='word_1_88' title='bbox 623 1805 744 1859; x_wconf 66' lang='lat' dir='ltr'>tempore}</span> <span class='ocrx_word' id='word_1_89' title='bbox 766 1796 806 1843; x_wconf 87' lang='lat' dir='ltr'>sed</span> <span class='ocrx_word' id='word_1_90' title='bbox 824 1802 899 1858; x_wconf 77' lang='lat' dir='ltr'>poeta</span> <span class='ocrx_word' id='word_1_91' title='bbox 915 1797 967 1845; x_wconf 87' lang='lat' dir='ltr'>haee</span> <span class='ocrx_word' id='word_1_92' title='bbox 983 1808 1072 1855; x_wconf 79' lang='lat' dir='ltr'>narrat,</span> <span class='ocrx_word' id='word_1_93' title='bbox 1086 1812 1135 1845; x_wconf 86' lang='lat' dir='ltr'>uon</span> <span class='ocrx_word' id='word_1_94' title='bbox 1147 1795 1236 1851; x_wconf 79' lang='lat' dir='ltr'>Minos,</span> 
     </span>
     <span class='ocr_line' id='line_1_13' title="bbox 254 1864 1235 1937; baseline 0.006 -26"><span class='ocrx_word' id='word_1_95' title='bbox 254 1864 293 1913; x_wconf 90' lang='lat' dir='ltr'>De</span> <span class='ocrx_word' id='word_1_96' title='bbox 305 1868 434 1926; x_wconf 85' lang='lat' dir='ltr'>Corintho,</span> <span class='ocrx_word' id='word_1_97' title='bbox 451 1880 523 1931; x_wconf 81' lang='lat' dir='ltr'>quern</span> <span class='ocrx_word' id='word_1_98' title='bbox 542 1868 653 1917; x_wconf 84' lang='lat' dir='ltr'>nonnulli</span> <span class='ocrx_word' id='word_1_99' title='bbox 674 1869 739 1917; x_wconf 79' lang='lat' dir='ltr'>urbis</span> <span class='ocrx_word' id='word_1_100' title='bbox 760 1871 885 1917; x_wconf 72' lang='lat' dir='ltr'>auctorem</span> <span class='ocrx_word' id='word_1_101' title='bbox 902 1873 1038 1931; x_wconf 86' lang='lat' dir='ltr'>ediderunt,</span> <span class='ocrx_word' id='word_1_102' title='bbox 1054 1872 1093 1919; x_wconf 87' lang='lat' dir='ltr'>seu</span> <span class='ocrx_word' id='word_1_103' title='bbox 1111 1872 1180 1937; x_wconf 72' lang='lat' dir='ltr'>Jovie</span> <span class='ocrx_word' id='word_1_104' title='bbox 1194 1873 1235 1918; x_wconf 88' lang='lat' dir='ltr'>seu</span> 
     </span>
     <span class='ocr_line' id='line_1_14' title="bbox 255 1942 1235 2010; baseline 0.006 -21"><span class='ocrx_word' id='word_1_105' title='bbox 255 1942 413 1993; x_wconf 81' lang='lat' dir='ltr'>Marathonio</span> <span class='ocrx_word' id='word_1_106' title='bbox 428 1944 479 1992; x_wconf 81' lang='lat' dir='ltr'>filio</span> <span class='ocrx_word' id='word_1_107' title='bbox 495 1943 554 2007; x_wconf 86' lang='lat' dir='ltr'>(rid.</span> <span class='ocrx_word' id='word_1_108' title='bbox 574 1945 672 1993; x_wconf 81' lang='lat' dir='ltr'>Panion.</span> <span class='ocrx_word' id='word_1_109' title='bbox 685 1946 717 1999; x_wconf 81' lang='grc' dir='ltr'>ΙΙ,</span> <span class='ocrx_word' id='word_1_110' title='bbox 727 1948 765 2009; x_wconf 85' lang='lat'>1),</span> <span class='ocrx_word' id='word_1_111' title='bbox 779 1946 819 2009; x_wconf 80' lang='lat' dir='ltr'>agi</span> <span class='ocrx_word' id='word_1_112' title='bbox 830 1946 869 1993; x_wconf 92' lang='lat' dir='ltr'>hic</span> <span class='ocrx_word' id='word_1_113' title='bbox 880 1950 971 2010; x_wconf 90' lang='lat' dir='ltr'>nequit.</span> <span class='ocrx_word' id='word_1_114' title='bbox 1004 1950 1060 1995; x_wconf 91' lang='lat' dir='ltr'>Non</span> <span class='ocrx_word' id='word_1_115' title='bbox 1073 1948 1139 1993; x_wconf 85' lang='lat' dir='ltr'>enim</span> <span class='ocrx_word' id='word_1_116' title='bbox 1149 1948 1235 1995; x_wconf 86' lang='lat' dir='ltr'>urbem</span> 
     </span>
     <span class='ocr_line' id='line_1_15' title="bbox 255 2014 1238 2089; baseline 0.006 -22"><span class='ocrx_word' id='word_1_117' title='bbox 255 2020 377 2083; x_wconf 79' lang='lat' dir='ltr'>appellare</span> <span class='ocrx_word' id='word_1_118' title='bbox 385 2014 589 2087; x_wconf 75' lang='lat' dir='ltr'>potuit-Cypselldae</span> <span class='ocrx_word' id='word_1_119' title='bbox 597 2032 616 2069; x_wconf 83' lang='lat' dir='ltr'>et</span> <span class='ocrx_word' id='word_1_120' title='bbox 626 2026 795 2089; x_wconf 78' lang='lat' dir='ltr'>magniflormtt&#39;a</span> <span class='ocrx_word' id='word_1_121' title='bbox 802 2042 864 2087; x_wconf 82' lang='lat' dir='ltr'>regna</span> <span class='ocrx_word' id='word_1_122' title='bbox 876 2022 976 2073; x_wconf 78' lang='lat' dir='ltr'>Corinthi.</span> <span class='ocrx_word' id='word_1_123' title='bbox 988 2028 1052 2073; x_wconf 86' lang='lat' dir='ltr'>lnter</span> <span class='ocrx_word' id='word_1_124' title='bbox 1059 2024 1111 2071; x_wconf 84' lang='lat' dir='ltr'>haec</span> <span class='ocrx_word' id='word_1_125' title='bbox 1120 2024 1238 2088; x_wconf 84' lang='lat' dir='ltr'>impedita</span> 
     </span>
     <span class='ocr_line' id='line_1_16' title="bbox 256 2096 1237 2165; baseline 0.005 -23"><span class='ocrx_word' id='word_1_126' title='bbox 256 2096 292 2142; x_wconf 78' lang='lat' dir='ltr'>eil</span> <span class='ocrx_word' id='word_1_127' title='bbox 299 2097 387 2154; x_wconf 82' lang='lat' dir='ltr'>oratio,</span> <span class='ocrx_word' id='word_1_128' title='bbox 395 2098 438 2145; x_wconf 76' lang='lat' dir='ltr'>nili</span> <span class='ocrx_word' id='word_1_129' title='bbox 446 2098 522 2162; x_wconf 69' lang='lat' dir='ltr'>legas:</span> <span class='ocrx_word' id='word_1_130' title='bbox 542 2098 647 2161; x_wconf 72' lang='lat' dir='ltr'>Cypstlt&#39;dae</span> <span class='ocrx_word' id='word_1_131' title='bbox 653 2102 850 2165; x_wconf 74' lang='lat' dir='ltr'>eimagnr&#39;floretttia</span> <span class='ocrx_word' id='word_1_132' title='bbox 859 2120 932 2165; x_wconf 81' lang='lat' dir='ltr'>regnu,</span> <span class='ocrx_word' id='word_1_133' title='bbox 942 2100 1164 2157; x_wconf 64' lang='lat' dir='ltr'>Corinthum—46</span> <span class='ocrx_word' id='word_1_134' title='bbox 1164 2115 1188 2159; x_wconf 90' lang='lat'>5.</span> <span class='ocrx_word' id='word_1_135' title='bbox 1196 2102 1237 2147; x_wconf 83' lang='lat' dir='ltr'>ob-</span> 
     </span>
     <span class='ocr_line' id='line_1_17' title="bbox 256 2174 1237 2245; baseline 0.009 -26"><span class='ocrx_word' id='word_1_136' title='bbox 256 2178 331 2237; x_wconf 76' lang='lat' dir='ltr'>ruptas</span> <span class='ocrx_word' id='word_1_137' title='bbox 339 2176 424 2238; x_wconf 77' lang='lat' dir='ltr'>rupibus</span> <span class='ocrx_word' id='word_1_138' title='bbox 434 2194 491 2223; x_wconf 77' lang='lat' dir='ltr'>creet</span> <span class='ocrx_word' id='word_1_139' title='bbox 502 2174 563 2239; x_wconf 77' lang='lat' dir='ltr'>conj.</span> <span class='ocrx_word' id='word_1_140' title='bbox 571 2179 606 2240; x_wconf 81' lang='lat' dir='ltr'>Jo.</span> <span class='ocrx_word' id='word_1_141' title='bbox 615 2178 861 2237; x_wconf 72' lang='lat' dir='ltr'>Schrader.-·-466.</span> <span class='ocrx_word' id='word_1_142' title='bbox 871 2182 1057 2245; x_wconf 64' lang='lat' dir='ltr'>Itfi’stumqoesir&#39;r</span> <span class='ocrx_word' id='word_1_143' title='bbox 1067 2178 1237 2244; x_wconf 73' lang='lat' dir='ltr'>dtrae‘Testudtois</span> 
     </span>
     <span class='ocr_line' id='line_1_18' title="bbox 256 2250 1258 2319; baseline 0.005 -22"><span class='ocrx_word' id='word_1_144' title='bbox 256 2252 304 2296; x_wconf 69' lang='lat' dir='ltr'>exit</span> <span class='ocrx_word' id='word_1_145' title='bbox 315 2250 421 2314; x_wconf 64' lang='lat' dir='ltr'>Speleou.</span> <span class='ocrx_word' id='word_1_146' title='bbox 454 2253 675 2318; x_wconf 79' lang='lat' dir='ltr'>Locusascaligero</span> <span class='ocrx_word' id='word_1_147' title='bbox 682 2266 706 2303; x_wconf 86' lang='lat' dir='ltr'>et</span> <span class='ocrx_word' id='word_1_148' title='bbox 718 2255 818 2305; x_wconf 85' lang='lat' dir='ltr'>Barthio</span> <span class='ocrx_word' id='word_1_149' title='bbox 826 2266 937 2314; x_wconf 84' lang='lat' dir='ltr'>tentatus,</span> <span class='ocrx_word' id='word_1_150' title='bbox 952 2258 991 2305; x_wconf 86' lang='lat' dir='ltr'>sed</span> <span class='ocrx_word' id='word_1_151' title='bbox 1011 2270 1144 2319; x_wconf 82' lang='lat' dir='ltr'>perperam.</span> <span class='ocrx_word' id='word_1_152' title='bbox 1180 2258 1235 2303; x_wconf 80' lang='lat' dir='ltr'>Fuit</span> <span class='ocrx_word' id='word_1_153' title='bbox 1256 2259 1258 2264; x_wconf 83' lang='lat'>&#39;</span> 
     </span>
     <span class='ocr_line' id='line_1_19' title="bbox 258 2325 1236 2397; baseline 0.007 -24"><span class='ocrx_word' id='word_1_154' title='bbox 258 2325 326 2374; x_wconf 87' lang='lat' dir='ltr'>enim</span> <span class='ocrx_word' id='word_1_155' title='bbox 337 2326 417 2378; x_wconf 82' lang='lat' dir='ltr'>sabula</span> <span class='ocrx_word' id='word_1_156' title='bbox 433 2332 462 2379; x_wconf 80' lang='lat' dir='ltr'>de</span> <span class='ocrx_word' id='word_1_157' title='bbox 484 2328 599 2377; x_wconf 79' lang='lat' dir='ltr'>testudine</span> <span class='ocrx_word' id='word_1_158' title='bbox 612 2330 748 2390; x_wconf 72' lang='lat' dir='ltr'>adortante,</span> <span class='ocrx_word' id='word_1_159' title='bbox 770 2334 864 2395; x_wconf 74' lang='lat' dir='ltr'>quoties</span> <span class='ocrx_word' id='word_1_160' title='bbox 881 2350 895 2380; x_wconf 86' lang='lat' dir='ltr'>a</span> <span class='ocrx_word' id='word_1_161' title='bbox 917 2335 1013 2381; x_wconf 87' lang='lat' dir='ltr'>Scirone</span> <span class='ocrx_word' id='word_1_162' title='bbox 1027 2332 1236 2397; x_wconf 76' lang='lat' dir='ltr'>praecipitarentur</span> 
     </span>
     <span class='ocr_line' id='line_1_20' title="bbox 255 2401 1234 2471; baseline 0.008 -21"><span class='ocrx_word' id='word_1_163' title='bbox 255 2401 372 2467; x_wconf 76' lang='lat' dir='ltr'>hospites,</span> <span class='ocrx_word' id='word_1_164' title='bbox 386 2421 515 2471; x_wconf 85' lang='lat' dir='ltr'>eorumque</span> <span class='ocrx_word' id='word_1_165' title='bbox 523 2421 622 2470; x_wconf 89' lang='lat' dir='ltr'>corpora</span> <span class='ocrx_word' id='word_1_166' title='bbox 632 2406 774 2457; x_wconf 81' lang='lat' dir='ltr'>devorante:</span> <span class='ocrx_word' id='word_1_167' title='bbox 791 2410 841 2458; x_wconf 83' lang='lat' dir='ltr'>vid.</span> <span class='ocrx_word' id='word_1_168' title='bbox 855 2409 954 2458; x_wconf 82' lang='lat' dir='ltr'>Pausan.</span> <span class='ocrx_word' id='word_1_169' title='bbox 965 2412 975 2457; x_wconf 93' lang='lat' dir='ltr'>l</span> <span class='ocrx_word' id='word_1_170' title='bbox 986 2420 1047 2459; x_wconf 85' lang='lat' dir='ltr'>extr.</span> <span class='ocrx_word' id='word_1_171' title='bbox 1075 2402 1176 2458; x_wconf 61' lang='lat' dir='ltr'>Diodon</span> <span class='ocrx_word' id='word_1_172' title='bbox 1188 2414 1234 2471; x_wconf 89' lang='lat' dir='ltr'>IV,</span> 
     </span>
     <span class='ocr_line' id='line_1_21' title="bbox 255 2481 1233 2548; baseline 0.008 -20"><span class='ocrx_word' id='word_1_173' title='bbox 255 2494 299 2545; x_wconf 84' lang='lat'>59.</span> <span class='ocrx_word' id='word_1_174' title='bbox 317 2481 347 2529; x_wconf 83' lang='lat' dir='ltr'>ci.</span> <span class='ocrx_word' id='word_1_175' title='bbox 360 2482 434 2532; x_wconf 85' lang='lat' dir='ltr'>Schol.</span> <span class='ocrx_word' id='word_1_176' title='bbox 455 2483 537 2547; x_wconf 86' lang='lat' dir='ltr'>Eurip.</span> <span class='ocrx_word' id='word_1_177' title='bbox 557 2484 587 2531; x_wconf 87' lang='lat' dir='ltr'>ad</span> <span class='ocrx_word' id='word_1_178' title='bbox 604 2482 705 2547; x_wconf 87' lang='lat' dir='ltr'>Hippol.</span> <span class='ocrx_word' id='word_1_179' title='bbox 729 2498 786 2548; x_wconf 87' lang='lat'><strong>979,</strong></span> <span class='ocrx_word' id='word_1_180' title='bbox 802 2486 843 2548; x_wconf 88' lang='lat' dir='ltr'>qui</span> <span class='ocrx_word' id='word_1_181' title='bbox 866 2486 1025 2533; x_wconf 81' lang='lat' dir='ltr'>Callimachus</span> <span class='ocrx_word' id='word_1_182' title='bbox 1044 2486 1154 2542; x_wconf 76' lang='lat' dir='ltr'>Scironis,</span> <span class='ocrx_word' id='word_1_183' title='bbox 1170 2487 1233 2536; x_wconf 85' lang='lat' dir='ltr'>forte</span> 
     </span>
     <span class='ocr_line' id='line_1_22' title="bbox 254 2557 1233 2623; baseline 0 -16"><span class='ocrx_word' id='word_1_184' title='bbox 254 2572 312 2606; x_wconf 84' lang='lat' dir='ltr'>cum</span> <span class='ocrx_word' id='word_1_185' title='bbox 322 2558 372 2623; x_wconf 87' lang='lat' dir='ltr'>ipsa</span> <span class='ocrx_word' id='word_1_186' title='bbox 382 2559 508 2619; x_wconf 80' lang='lat' dir='ltr'>testudine,</span> <span class='ocrx_word' id='word_1_187' title='bbox 524 2557 656 2608; x_wconf 77' lang='lat' dir='ltr'>meminitse</span> <span class='ocrx_word' id='word_1_188' title='bbox 667 2558 709 2608; x_wconf 89' lang='lat' dir='ltr'>ait.</span> <span class='ocrx_word' id='word_1_189' title='bbox 740 2561 843 2609; x_wconf 79' lang='lat' dir='ltr'>Scironis</span> <span class='ocrx_word' id='word_1_190' title='bbox 854 2562 998 2621; x_wconf 65' lang='lat' dir='ltr'>hnmanitas,</span> <span class='ocrx_word' id='word_1_191' title='bbox 1012 2572 1037 2610; x_wconf 87' lang='lat' dir='ltr'>et</span> <span class='ocrx_word' id='word_1_192' title='bbox 1056 2563 1130 2608; x_wconf 77' lang='lat' dir='ltr'>Petrae</span> <span class='ocrx_word' id='word_1_193' title='bbox 1141 2564 1233 2611; x_wconf 72' lang='lat' dir='ltr'>Scironi.</span> 
     </span>
     <span class='ocr_line' id='line_1_23' title="bbox 253 2633 1232 2702; baseline 0.01 -23"><span class='ocrx_word' id='word_1_194' title='bbox 253 2634 287 2680; x_wconf 81' lang='lat' dir='ltr'>des</span> <span class='ocrx_word' id='word_1_195' title='bbox 298 2633 324 2682; x_wconf 89' lang='lat' dir='ltr'>in</span> <span class='ocrx_word' id='word_1_196' title='bbox 335 2635 511 2700; x_wconf 81' lang='lat' dir='ltr'>Megarenhtttn</span> <span class='ocrx_word' id='word_1_197' title='bbox 522 2634 617 2696; x_wconf 79' lang='lat' dir='ltr'>finibus,</span> <span class='ocrx_word' id='word_1_198' title='bbox 632 2651 669 2684; x_wconf 81' lang='lat' dir='ltr'>res</span> <span class='ocrx_word' id='word_1_199' title='bbox 678 2637 731 2684; x_wconf 83' lang='lat' dir='ltr'>sant</span> <span class='ocrx_word' id='word_1_200' title='bbox 743 2639 903 2702; x_wconf 67' lang='lat' dir='ltr'>pervulgatae:</span> <span class='ocrx_word' id='word_1_201' title='bbox 921 2639 975 2700; x_wconf 81' lang='lat' dir='ltr'>vjde</span> <span class='ocrx_word' id='word_1_202' title='bbox 985 2638 1021 2686; x_wconf 86' lang='lat' dir='ltr'>vel</span> <span class='ocrx_word' id='word_1_203' title='bbox 1030 2640 1151 2688; x_wconf 88' lang='lat' dir='ltr'>Plutarch.</span> <span class='ocrx_word' id='word_1_204' title='bbox 1158 2641 1232 2690; x_wconf 82' lang='lat' dir='ltr'>Thes.</span> 
     </span>
     <span class='ocr_line' id='line_1_24' title="bbox 252 2713 1232 2782; baseline 0.006 -24"><span class='ocrx_word' id='word_1_205' title='bbox 252 2725 279 2774; x_wconf 86' lang='lat' dir='ltr'>p.</span> <span class='ocrx_word' id='word_1_206' title='bbox 291 2725 315 2768; x_wconf 84' lang='lat'>4.</span> <span class='ocrx_word' id='word_1_207' title='bbox 327 2722 369 2760; x_wconf 86' lang='lat' dir='ltr'>aut</span> <span class='ocrx_word' id='word_1_208' title='bbox 380 2713 452 2760; x_wconf 83' lang='lat' dir='ltr'>Ovid.</span> <span class='ocrx_word' id='word_1_209' title='bbox 464 2713 490 2760; x_wconf 89' lang='lat' dir='ltr'>in</span> <span class='ocrx_word' id='word_1_210' title='bbox 501 2713 608 2760; x_wconf 83' lang='lat' dir='ltr'>Metam.</span> <span class='ocrx_word' id='word_1_211' title='bbox 621 2715 676 2772; x_wconf 86' lang='lat' dir='ltr'>Vll,</span> <span class='ocrx_word' id='word_1_212' title='bbox 693 2728 750 2774; x_wconf 84' lang='lat'>447.</span> <span class='ocrx_word' id='word_1_213' title='bbox 784 2713 825 2761; x_wconf 78' lang='lat' dir='ltr'>Eae</span> <span class='ocrx_word' id='word_1_214' title='bbox 836 2726 911 2779; x_wconf 71' lang='lat' dir='ltr'>petrae</span> <span class='ocrx_word' id='word_1_215' title='bbox 923 2714 978 2762; x_wconf 86' lang='lat' dir='ltr'>sunt</span> <span class='ocrx_word' id='word_1_216' title='bbox 989 2715 1015 2763; x_wconf 90' lang='lat' dir='ltr'>h.</span> <span class='ocrx_word' id='word_1_217' title='bbox 1027 2715 1044 2763; x_wconf 92' lang='lat' dir='ltr'>l.</span> <span class='ocrx_word' id='word_1_218' title='bbox 1055 2718 1151 2782; x_wconf 58' lang='lat' dir='ltr'>abreptae</span> <span class='ocrx_word' id='word_1_219' title='bbox 1162 2720 1232 2764; x_wconf 79' lang='lat' dir='ltr'>Sciro-</span> 
     </span>
     <span class='ocr_line' id='line_1_25' title="bbox 253 2787 1233 2858; baseline 0.009 -26"><span class='ocrx_word' id='word_1_220' title='bbox 253 2789 286 2832; x_wconf 74' lang='lat' dir='ltr'>nis</span> <span class='ocrx_word' id='word_1_221' title='bbox 293 2805 360 2845; x_wconf 79' lang='lat' dir='ltr'>orces,</span> <span class='ocrx_word' id='word_1_222' title='bbox 375 2787 460 2850; x_wconf 81' lang='lat' dir='ltr'>quibus</span> <span class='ocrx_word' id='word_1_223' title='bbox 469 2788 573 2851; x_wconf 83' lang='lat' dir='ltr'>subjacet</span> <span class='ocrx_word' id='word_1_224' title='bbox 576 2791 650 2852; x_wconf 83' lang='lat' dir='ltr'>specus</span> <span class='ocrx_word' id='word_1_225' title='bbox 659 2789 763 2850; x_wconf 63' lang='grc' dir='ltr'>χιλῶνης,</span> <span class='ocrx_word' id='word_1_226' title='bbox 778 2801 801 2838; x_wconf 88' lang='lat' dir='ltr'>et</span> <span class='ocrx_word' id='word_1_227' title='bbox 813 2792 903 2839; x_wconf 84' lang='lat' dir='ltr'>eaedetn</span> <span class='ocrx_word' id='word_1_228' title='bbox 914 2794 976 2838; x_wconf 81' lang='lat' dir='ltr'>multo</span> <span class='ocrx_word' id='word_1_229' title='bbox 986 2803 1076 2841; x_wconf 69' lang='lat' dir='ltr'>errem</span> <span class='ocrx_word' id='word_1_230' title='bbox 1086 2795 1233 2858; x_wconf 75' lang='lat' dir='ltr'>hospitecautes</span> 
     </span>
     <span class='ocr_line' id='line_1_26' title="bbox 254 2862 1232 2934; baseline 0.007 -22"><span class='ocrx_word' id='word_1_231' title='bbox 254 2862 291 2912; x_wconf 69' lang='lat' dir='ltr'>vi</span> <span class='ocrx_word' id='word_1_232' title='bbox 302 2863 367 2924; x_wconf 84' lang='lat' dir='ltr'>sequ.</span> <span class='ocrx_word' id='word_1_233' title='bbox 399 2867 485 2928; x_wconf 86' lang='lat' dir='ltr'>Specut</span> <span class='ocrx_word' id='word_1_234' title='bbox 494 2863 540 2910; x_wconf 88' lang='lat' dir='ltr'>hoc</span> <span class='ocrx_word' id='word_1_235' title='bbox 551 2863 695 2923; x_wconf 80' lang='lat' dir='ltr'>Testudinis,</span> <span class='ocrx_word' id='word_1_236' title='bbox 712 2877 739 2913; x_wconf 81' lang='lat' dir='ltr'>ut</span> <span class='ocrx_word' id='word_1_237' title='bbox 750 2867 851 2914; x_wconf 87' lang='lat' dir='ltr'>Diodor.</span> <span class='ocrx_word' id='word_1_238' title='bbox 862 2868 879 2914; x_wconf 88' lang='lat' dir='ltr'>l.</span> <span class='ocrx_word' id='word_1_239' title='bbox 892 2884 913 2916; x_wconf 92' lang='lat' dir='ltr'>c.</span> <span class='ocrx_word' id='word_1_240' title='bbox 922 2868 1026 2916; x_wconf 87' lang='lat' dir='ltr'>indicare</span> <span class='ocrx_word' id='word_1_241' title='bbox 1037 2870 1140 2927; x_wconf 85' lang='lat' dir='ltr'>videtur,</span> <span class='ocrx_word' id='word_1_242' title='bbox 1154 2870 1232 2934; x_wconf 85' lang='lat' dir='ltr'>ipsum</span> 
     </span>
     <span class='ocr_line' id='line_1_27' title="bbox 256 2938 1234 3010; baseline 0.006 -26"><span class='ocrx_word' id='word_1_243' title='bbox 256 2951 355 3000; x_wconf 82' lang='lat' dir='ltr'>quoque</span> <span class='ocrx_word' id='word_1_244' title='bbox 364 2938 481 2986; x_wconf 86' lang='lat' dir='ltr'>Chelones</span> <span class='ocrx_word' id='word_1_245' title='bbox 490 2939 587 2986; x_wconf 88' lang='lat' dir='ltr'>nomine</span> <span class='ocrx_word' id='word_1_246' title='bbox 596 2941 694 2988; x_wconf 86' lang='lat' dir='ltr'>tandem</span> <span class='ocrx_word' id='word_1_247' title='bbox 705 2941 793 2990; x_wconf 83' lang='lat' dir='ltr'>venisse</span> <span class='ocrx_word' id='word_1_248' title='bbox 805 2943 885 3002; x_wconf 88' lang='lat' dir='ltr'>debet,</span> <span class='ocrx_word' id='word_1_249' title='bbox 900 2959 957 2991; x_wconf 89' lang='lat' dir='ltr'>nam</span> <span class='ocrx_word' id='word_1_250' title='bbox 977 2945 1119 3009; x_wconf 68' lang='lat' dir='ltr'>precipitati</span> <span class='ocrx_word' id='word_1_251' title='bbox 1130 2945 1234 3010; x_wconf 71' lang='lat' dir='ltr'>hospites</span> 
     </span>
     <span class='ocr_line' id='line_1_28' title="bbox 253 3013 1235 3095; baseline 0.006 -33"><span class='ocrx_word' id='word_1_252' title='bbox 253 3013 320 3062; x_wconf 69' lang='lat' dir='ltr'>nerii</span> <span class='ocrx_word' id='word_1_253' title='bbox 328 3014 366 3065; x_wconf 63' lang='lat' dir='ltr'>colo</span> <span class='ocrx_word' id='word_1_254' title='bbox 375 3015 515 3077; x_wconf 71' lang='grc' dir='ltr'>ὄιομιζομίιην</span> <span class='ocrx_word' id='word_1_255' title='bbox 523 3015 625 3068; x_wconf 69' lang='lat' dir='ltr'>xttaitm.</span> <span class='ocrx_word' id='word_1_256' title='bbox 646 3020 803 3084; x_wconf 77' lang='lat' dir='ltr'>hefestumsut&#39;s,</span> <span class='ocrx_word' id='word_1_257' title='bbox 818 3037 846 3068; x_wconf 87' lang='lat' dir='ltr'>ex</span> <span class='ocrx_word' id='word_1_258' title='bbox 858 3023 956 3084; x_wconf 88' lang='lat' dir='ltr'>persona</span> <span class='ocrx_word' id='word_1_259' title='bbox 967 3021 1049 3084; x_wconf 84' lang='lat' dir='ltr'>Scyllae</span> <span class='ocrx_word' id='word_1_260' title='bbox 1060 3021 1235 3095; x_wconf 50' lang='lat' dir='ltr'>accipiendum}</span> 
     </span>
     <span class='ocr_line' id='line_1_29' title="bbox 255 3091 1233 3161; baseline 0.005 -21"><span class='ocrx_word' id='word_1_261' title='bbox 255 3091 282 3140; x_wconf 81' lang='lat' dir='ltr'>h.</span> <span class='ocrx_word' id='word_1_262' title='bbox 290 3092 477 3156; x_wconf 76' lang='lat' dir='ltr'>Megarenfibus,</span> <span class='ocrx_word' id='word_1_263' title='bbox 492 3094 582 3142; x_wconf 82' lang='lat' dir='ltr'>civibus</span> <span class='ocrx_word' id='word_1_264' title='bbox 591 3094 646 3143; x_wconf 85' lang='lat' dir='ltr'>suis.</span> <span class='ocrx_word' id='word_1_265' title='bbox 679 3095 764 3144; x_wconf 85' lang='lat' dir='ltr'>Noluit</span> <span class='ocrx_word' id='word_1_266' title='bbox 775 3093 856 3160; x_wconf 78' lang='lat' dir='ltr'>itaque</span> <span class='ocrx_word' id='word_1_267' title='bbox 867 3102 940 3161; x_wconf 69' lang='lat' dir='ltr'>poeta</span> <span class='ocrx_word' id='word_1_268' title='bbox 952 3097 1030 3144; x_wconf 81' lang='lat' dir='ltr'>dicere</span> <span class='ocrx_word' id='word_1_269' title='bbox 1050 3098 1115 3159; x_wconf 87' lang='lat' dir='ltr'>quud</span> <span class='ocrx_word' id='word_1_270' title='bbox 1125 3106 1233 3145; x_wconf 83' lang='lat' dir='ltr'>eommo-</span> 
     </span>
     <span class='ocr_line' id='line_1_30' title="bbox 254 3167 1233 3235; baseline 0 -17"><span class='ocrx_word' id='word_1_271' title='bbox 254 3167 522 3232; x_wconf 72' lang='lat' dir='ltr'>diusvtderipoterate&#39;</span> <span class='ocrx_word' id='word_1_272' title='bbox 547 3168 766 3235; x_wconf 70' lang='lat' dir='ltr'>Itfistumetmfiris</span> <span class='ocrx_word' id='word_1_273' title='bbox 790 3177 851 3220; x_wconf 81' lang='lat' dir='ltr'>dirae.</span> <span class='ocrx_word' id='word_1_274' title='bbox 886 3175 961 3219; x_wconf 88' lang='lat' dir='ltr'>Porro</span> <span class='ocrx_word' id='word_1_275' title='bbox 979 3175 1042 3218; x_wconf 83' lang='lat' dir='ltr'>Vett.</span> <span class='ocrx_word' id='word_1_276' title='bbox 1057 3173 1088 3218; x_wconf 87' lang='lat' dir='ltr'>de</span> <span class='ocrx_word' id='word_1_277' title='bbox 1102 3172 1187 3219; x_wconf 79' lang='lat' dir='ltr'>Tertio</span> <span class='ocrx_word' id='word_1_278' title='bbox 1202 3177 1233 3218; x_wconf 72' lang='lat' dir='ltr'>ale</span> 
     </span>
     <span class='ocr_line' id='line_1_31' title="bbox 254 3244 1233 3311; baseline 0.007 -22"><span class='ocrx_word' id='word_1_279' title='bbox 254 3244 365 3309; x_wconf 72' lang='lat' dir='ltr'>tqiuttim&#39;r,</span> <span class='ocrx_word' id='word_1_280' title='bbox 380 3261 506 3309; x_wconf 88' lang='lat' dir='ltr'>operarum</span> <span class='ocrx_word' id='word_1_281' title='bbox 517 3258 577 3311; x_wconf 86' lang='lat' dir='ltr'>puto</span> <span class='ocrx_word' id='word_1_282' title='bbox 588 3247 656 3310; x_wconf 75' lang='lat' dir='ltr'>uitio.</span> <span class='ocrx_word' id='word_1_283' title='bbox 678 3247 796 3311; x_wconf 74' lang='lat' dir='ltr'>¹Scaliger</span> <span class='ocrx_word' id='word_1_284' title='bbox 814 3249 845 3296; x_wconf 90' lang='lat' dir='ltr'>de</span> <span class='ocrx_word' id='word_1_285' title='bbox 865 3247 1037 3309; x_wconf 81' lang='lat' dir='ltr'>Crommyonia</span> <span class='ocrx_word' id='word_1_286' title='bbox 1053 3247 1093 3294; x_wconf 88' lang='lat' dir='ltr'>sue</span> <span class='ocrx_word' id='word_1_287' title='bbox 1104 3248 1233 3310; x_wconf 80' lang='lat' dir='ltr'>cogitabat,</span> 
     </span>
     <span class='ocr_line' id='line_1_32' title="bbox 254 3321 1231 3390; baseline 0.007 -23"><span class='ocrx_word' id='word_1_288' title='bbox 254 3334 280 3368; x_wconf 89' lang='lat' dir='ltr'>ct</span> <span class='ocrx_word' id='word_1_289' title='bbox 291 3321 437 3386; x_wconf 84' lang='lat' dir='ltr'>refingebatt</span> <span class='ocrx_word' id='word_1_290' title='bbox 457 3325 645 3390; x_wconf 77' lang='lat' dir='ltr'>Infistumquefieis</span> <span class='ocrx_word' id='word_1_291' title='bbox 654 3327 704 3370; x_wconf 79' lang='lat' dir='ltr'>dire</span> <span class='ocrx_word' id='word_1_292' title='bbox 715 3323 818 3386; x_wconf 79' lang='lat' dir='ltr'>Theseidt&#39;s</span> <span class='ocrx_word' id='word_1_293' title='bbox 827 3328 871 3373; x_wconf 84' lang='lat' dir='ltr'>exit</span> <span class='ocrx_word' id='word_1_294' title='bbox 882 3325 991 3388; x_wconf 68' lang='lat' dir='ltr'>Spelaeum.</span> <span class='ocrx_word' id='word_1_295' title='bbox 1017 3323 1127 3372; x_wconf 80' lang='lat' dir='ltr'>Barthiue</span> <span class='ocrx_word' id='word_1_296' title='bbox 1137 3335 1231 3373; x_wconf 64' lang='lat' dir='ltr'>autem}</span> 
     </span>
     <span class='ocr_line' id='line_1_33' title="bbox 256 3398 1233 3464; baseline 0.004 -21"><span class='ocrx_word' id='word_1_297' title='bbox 256 3398 392 3462; x_wconf 66' lang='lat' dir='ltr'>Irfiflmqne</span> <span class='ocrx_word' id='word_1_298' title='bbox 403 3400 460 3446; x_wconf 75' lang='lat' dir='ltr'>Sinis</span> <span class='ocrx_word' id='word_1_299' title='bbox 468 3404 530 3458; x_wconf 70' lang='lat' dir='ltr'>dire,</span> <span class='ocrx_word' id='word_1_300' title='bbox 546 3401 610 3463; x_wconf 90' lang='lat' dir='ltr'>quod</span> <span class='ocrx_word' id='word_1_301' title='bbox 621 3411 701 3448; x_wconf 85' lang='lat' dir='ltr'>tameo</span> <span class='ocrx_word' id='word_1_302' title='bbox 713 3401 761 3464; x_wconf 89' lang='lat' dir='ltr'>ipse</span> <span class='ocrx_word' id='word_1_303' title='bbox 773 3400 875 3450; x_wconf 87' lang='lat' dir='ltr'>descruit</span> <span class='ocrx_word' id='word_1_304' title='bbox 885 3401 910 3447; x_wconf 89' lang='lat' dir='ltr'>iu</span> <span class='ocrx_word' id='word_1_305' title='bbox 918 3401 1054 3453; x_wconf 70' lang='lat' dir='ltr'>Commenn</span> <span class='ocrx_word' id='word_1_306' title='bbox 1067 3399 1097 3446; x_wconf 91' lang='lat' dir='ltr'>ad</span> <span class='ocrx_word' id='word_1_307' title='bbox 1108 3398 1233 3452; x_wconf 83' lang='lat' dir='ltr'>Claudian.</span> 
     </span>
     <span class='ocr_line' id='line_1_34' title="bbox 255 3474 1234 3544; baseline 0.002 -22"><span class='ocrx_word' id='word_1_308' title='bbox 255 3487 282 3538; x_wconf 78' lang='lat' dir='ltr'>p-</span> <span class='ocrx_word' id='word_1_309' title='bbox 296 3474 368 3533; x_wconf 76' lang='lat'>1160,</span> <span class='ocrx_word' id='word_1_310' title='bbox 384 3475 425 3522; x_wconf 86' lang='lat' dir='ltr'>ubi</span> <span class='ocrx_word' id='word_1_311' title='bbox 435 3476 504 3525; x_wconf 84' lang='lat' dir='ltr'>aliter</span> <span class='ocrx_word' id='word_1_312' title='bbox 515 3475 625 3539; x_wconf 75' lang='lat' dir='ltr'>refingit:</span> <span class='ocrx_word' id='word_1_313' title='bbox 643 3479 779 3544; x_wconf 62' lang='lat' dir='ltr'>Ity‘eslumque</span> <span class='ocrx_word' id='word_1_314' title='bbox 784 3478 900 3542; x_wconf 54' lang='grc' dir='ltr'>[Μηίων</span> <span class='ocrx_word' id='word_1_315' title='bbox 910 3478 1043 3542; x_wconf 80' lang='lat' dir='ltr'>ettestudinis.</span> <span class='ocrx_word' id='word_1_316' title='bbox 1077 3478 1110 3522; x_wconf 88' lang='lat' dir='ltr'>At</span> <span class='ocrx_word' id='word_1_317' title='bbox 1123 3474 1234 3524; x_wconf 83' lang='lat' dir='ltr'>Heinfiot</span> 
     </span>
     <span class='ocr_line' id='line_1_35' title="bbox 256 3551 1233 3619; baseline 0.003 -19"><span class='ocrx_word' id='word_1_318' title='bbox 256 3551 346 3600; x_wconf 81' lang='lat' dir='ltr'>iterum</span> <span class='ocrx_word' id='word_1_319' title='bbox 356 3551 421 3600; x_wconf 87' lang='lat' dir='ltr'>Sinin</span> <span class='ocrx_word' id='word_1_320' title='bbox 432 3553 539 3610; x_wconf 86' lang='lat' dir='ltr'>retraxit,</span> <span class='ocrx_word' id='word_1_321' title='bbox 550 3553 590 3600; x_wconf 85' lang='lat' dir='ltr'>sed</span> <span class='ocrx_word' id='word_1_322' title='bbox 601 3553 675 3601; x_wconf 82' lang='lat' dir='ltr'>alium</span> <span class='ocrx_word' id='word_1_323' title='bbox 687 3555 711 3601; x_wconf 88' lang='lat' dir='ltr'>in</span> <span class='ocrx_word' id='word_1_324' title='bbox 722 3555 832 3603; x_wconf 88' lang='lat' dir='ltr'>habitum</span> <span class='ocrx_word' id='word_1_325' title='bbox 839 3555 974 3619; x_wconf 62' lang='lat' dir='ltr'>refingeret</span> <span class='ocrx_word' id='word_1_326' title='bbox 991 3554 1176 3619; x_wconf 69' lang='lat' dir='ltr'>ItfiffumqteSini</span> <span class='ocrx_word' id='word_1_327' title='bbox 1184 3558 1205 3601; x_wconf 75' lang='lat' dir='ltr'>d.</span> <span class='ocrx_word' id='word_1_328' title='bbox 1215 3567 1233 3604; x_wconf 85' lang='lat' dir='ltr'>t.</span> 
     </span>
     <span class='ocr_line' id='line_1_36' title="bbox 254 3628 1237 3693; baseline 0.002 -17"><span class='ocrx_word' id='word_1_329' title='bbox 254 3628 365 3691; x_wconf 62' lang='lat' dir='ltr'>Speleou.</span> <span class='ocrx_word' id='word_1_330' title='bbox 398 3630 463 3676; x_wconf 88' lang='lat' dir='ltr'>Nam</span> <span class='ocrx_word' id='word_1_331' title='bbox 470 3630 635 3693; x_wconf 76' lang='lat' dir='ltr'>Sinieantrum</span> <span class='ocrx_word' id='word_1_332' title='bbox 645 3631 670 3678; x_wconf 89' lang='lat' dir='ltr'>in</span> <span class='ocrx_word' id='word_1_333' title='bbox 682 3631 778 3680; x_wconf 88' lang='lat' dir='ltr'>Isthmo.</span> <span class='ocrx_word' id='word_1_334' title='bbox 812 3638 828 3662; x_wconf 87' lang='lat'>“</span> <span class='ocrx_word' id='word_1_335' title='bbox 840 3632 929 3679; x_wconf 85' lang='lat' dir='ltr'>Statius</span> <span class='ocrx_word' id='word_1_336' title='bbox 938 3630 1019 3681; x_wconf 90' lang='lat' dir='ltr'>Theb.</span> <span class='ocrx_word' id='word_1_337' title='bbox 1038 3631 1093 3687; x_wconf 90' lang='lat' dir='ltr'>Vll,</span> <span class='ocrx_word' id='word_1_338' title='bbox 1111 3643 1157 3690; x_wconf 80' lang='lat'>743</span> <span class='ocrx_word' id='word_1_339' title='bbox 1176 3632 1237 3678; x_wconf 73' lang='lat' dir='ltr'>More</span> 
     </span>
     <span class='ocr_line' id='line_1_37' title="bbox 252 3708 1232 3774; baseline 0.001 -22"><span class='ocrx_word' id='word_1_340' title='bbox 252 3711 270 3735; x_wconf 87' lang='lat'>“</span> <span class='ocrx_word' id='word_1_341' title='bbox 286 3708 371 3769; x_wconf 65' lang='lat' dir='ltr'>trepidi}</span> <span class='ocrx_word' id='word_1_342' title='bbox 381 3709 459 3769; x_wconf 45' lang='lat' dir='ltr'>&amp;aava</span> <span class='ocrx_word' id='word_1_343' title='bbox 470 3711 535 3764; x_wconf 81' lang='lat' dir='ltr'>venit,</span> <span class='ocrx_word' id='word_1_344' title='bbox 550 3708 667 3770; x_wconf 74' lang='lat' dir='ltr'>dubiumque</span> <span class='ocrx_word' id='word_1_345' title='bbox 681 3713 745 3755; x_wconf 79' lang='lat' dir='ltr'>tuenti</span> <span class='ocrx_word' id='word_1_346' title='bbox 756 3710 853 3774; x_wconf 69' lang='lat' dir='ltr'>Prtffert&#39;i</span> <span class='ocrx_word' id='word_1_347' title='bbox 863 3709 938 3772; x_wconf 74' lang='lat' dir='ltr'>itfiffltr</span> <span class='ocrx_word' id='word_1_348' title='bbox 949 3709 1232 3770; x_wconf 81' lang='lat' dir='ltr'>tausinpulert&#39;tquejugalet.</span> 
     </span>
     <span class='ocr_line' id='line_1_38' title="bbox 256 3779 1234 3848; baseline 0 -22"><span class='ocrx_word' id='word_1_349' title='bbox 256 3784 276 3810; x_wconf 79' lang='lat'>‘¹</span> <span class='ocrx_word' id='word_1_350' title='bbox 294 3783 330 3827; x_wconf 88' lang='lat' dir='ltr'>lta</span> <span class='ocrx_word' id='word_1_351' title='bbox 338 3779 443 3828; x_wconf 80' lang='lat' dir='ltr'>vetustus</span> <span class='ocrx_word' id='word_1_352' title='bbox 450 3781 534 3839; x_wconf 87' lang='lat' dir='ltr'>codex,</span> <span class='ocrx_word' id='word_1_353' title='bbox 546 3796 595 3828; x_wconf 86' lang='lat' dir='ltr'>non</span> <span class='ocrx_word' id='word_1_354' title='bbox 603 3786 694 3845; x_wconf 69' lang='lat' dir='ltr'>irfirtrs,</span> <span class='ocrx_word' id='word_1_355' title='bbox 707 3795 734 3831; x_wconf 90' lang='lat' dir='ltr'>ut</span> <span class='ocrx_word' id='word_1_356' title='bbox 745 3785 854 3848; x_wconf 80' lang='lat' dir='ltr'>vulgati:</span> <span class='ocrx_word' id='word_1_357' title='bbox 873 3783 914 3831; x_wconf 86' lang='lat' dir='ltr'>lib.</span> <span class='ocrx_word' id='word_1_358' title='bbox 924 3784 979 3839; x_wconf 84' lang='grc' dir='ltr'>ΧΠ,</span> <span class='ocrx_word' id='word_1_359' title='bbox 989 3796 1003 3829; x_wconf 82' lang='lat'>2</span> <span class='ocrx_word' id='word_1_360' title='bbox 1005 3796 1018 3840; x_wconf 83' lang='lat'>3</span> <span class='ocrx_word' id='word_1_361' title='bbox 1020 3795 1034 3840; x_wconf 85' lang='lat'><em>5</em></span> <span class='ocrx_word' id='word_1_362' title='bbox 1047 3781 1234 3843; x_wconf 77' lang='lat' dir='ltr'>Persiuviossecu-</span> 
     </span>
     <span class='ocr_line' id='line_1_39' title="bbox 253 3851 1236 3924; baseline 0.003 -22"><span class='ocrx_word' id='word_1_363' title='bbox 253 3861 272 3886; x_wconf 88' lang='lat'>“</span> <span class='ocrx_word' id='word_1_364' title='bbox 288 3874 316 3902; x_wconf 82' lang='lat' dir='ltr'>ra</span> <span class='ocrx_word' id='word_1_365' title='bbox 326 3856 598 3918; x_wconf 71' lang='lat' dir='ltr'>vadistmnqsqudfcrarustt</span> <span class='ocrx_word' id='word_1_366' title='bbox 608 3860 685 3905; x_wconf 61' lang='lat' dir='ltr'>Festo</span> <span class='ocrx_word' id='word_1_367' title='bbox 694 3861 822 3906; x_wconf 80' lang='lat' dir='ltr'>ethorrettdis</span> <span class='ocrx_word' id='word_1_368' title='bbox 832 3859 901 3924; x_wconf 73' lang='lat' dir='ltr'>irfiffit</span> <span class='ocrx_word' id='word_1_369' title='bbox 907 3858 981 3903; x_wconf 78' lang='lat' dir='ltr'>cubt‘lia</span> <span class='ocrx_word' id='word_1_370' title='bbox 991 3851 1090 3921; x_wconf 72' lang='lat' dir='ltr'>motfirt&#39;s.</span> <span class='ocrx_word' id='word_1_371' title='bbox 1121 3851 1164 3900; x_wconf 80' lang='lat' dir='ltr'>stc&#39;</span> <span class='ocrx_word' id='word_1_372' title='bbox 1171 3853 1236 3905; x_wconf 73' lang='lat' dir='ltr'>totu·</span> 
     </span>
     <span class='ocr_line' id='line_1_40' title="bbox 1191 3932 1233 3982; baseline 0.048 -2"><span class='ocrx_word' id='word_1_373' title='bbox 1191 3932 1233 3982; x_wconf 81' lang='lat' dir='ltr'>ille</span> 
     </span>
    </p>
   </div>
   <div class='ocr_carea' id='block_1_4' title="bbox 252 4041 1261 4483">
    <p class='ocr_par' dir='ltr' id='par_1_5' title="bbox 252 4041 1261 4429">
     <span class='ocr_line' id='line_1_41' title="bbox 267 4041 1233 4122; baseline -0.002 -20"><span class='ocrx_word' id='word_1_374' title='bbox 267 4083 272 4090; x_wconf 40' lang='grc' dir='ltr'><em>ι</em></span> <span class='ocrx_word' id='word_1_375' title='bbox 293 4048 361 4119; x_wconf 87' lang='lat'><strong>463.</strong></span> <span class='ocrx_word' id='word_1_376' title='bbox 382 4041 576 4122; x_wconf 85' lang='lat' dir='ltr'>Navigationis</span> <span class='ocrx_word' id='word_1_377' title='bbox 599 4044 717 4102; x_wconf 85' lang='lat' dir='ltr'>narratio</span> <span class='ocrx_word' id='word_1_378' title='bbox 766 4045 881 4102; x_wconf 85' lang='lat' dir='ltr'>rhumet</span> <span class='ocrx_word' id='word_1_379' title='bbox 894 4042 1018 4120; x_wconf 89' lang='lat' dir='ltr'>propiore</span> <span class='ocrx_word' id='word_1_380' title='bbox 1035 4043 1097 4098; x_wconf 91' lang='lat' dir='ltr'>loco</span> <span class='ocrx_word' id='word_1_381' title='bbox 1111 4041 1233 4100; x_wconf 81' lang='lat' dir='ltr'>Scironi-</span> 
     </span>
     <span class='ocr_line' id='line_1_42' title="bbox 254 4119 1232 4196; baseline -0.001 -19"><span class='ocrx_word' id='word_1_382' title='bbox 254 4120 334 4177; x_wconf 77' lang='lat' dir='ltr'>leude</span> <span class='ocrx_word' id='word_1_383' title='bbox 347 4119 394 4174; x_wconf 86' lang='lat' dir='ltr'>sua</span> <span class='ocrx_word' id='word_1_384' title='bbox 406 4137 460 4176; x_wconf 88' lang='lat' dir='ltr'>non</span> <span class='ocrx_word' id='word_1_385' title='bbox 480 4136 561 4178; x_wconf 85' lang='lat' dir='ltr'>caret.</span> <span class='ocrx_word' id='word_1_386' title='bbox 600 4122 644 4179; x_wconf 87' lang='lat' dir='ltr'>Ex</span> <span class='ocrx_word' id='word_1_387' title='bbox 663 4123 720 4178; x_wconf 77' lang='lat' dir='ltr'>sinu</span> <span class='ocrx_word' id='word_1_388' title='bbox 767 4123 815 4178; x_wconf 87' lang='lat' dir='ltr'>des</span> <span class='ocrx_word' id='word_1_389' title='bbox 846 4134 933 4196; x_wconf 88' lang='lat' dir='ltr'>petras</span> <span class='ocrx_word' id='word_1_390' title='bbox 963 4119 1052 4176; x_wconf 84' lang='lat' dir='ltr'>habet.</span> <span class='ocrx_word' id='word_1_391' title='bbox 1110 4119 1232 4177; x_wconf 82' lang='lat' dir='ltr'>Ulterius</span> 
     </span>
     <span class='ocr_line' id='line_1_43' title="bbox 254 4195 1231 4274; baseline 0.004 -22"><span class='ocrx_word' id='word_1_392' title='bbox 254 4195 399 4252; x_wconf 72' lang='lat' dir='ltr'>Meearico</span> <span class='ocrx_word' id='word_1_393' title='bbox 409 4196 480 4252; x_wconf 86' lang='lat' dir='ltr'>inter</span> <span class='ocrx_word' id='word_1_394' title='bbox 490 4199 581 4272; x_wconf 66' lang='lat' dir='ltr'>cinges,</span> <span class='ocrx_word' id='word_1_395' title='bbox 593 4197 720 4254; x_wconf 84' lang='lat' dir='ltr'>Minoam</span> <span class='ocrx_word' id='word_1_396' title='bbox 767 4199 906 4274; x_wconf 65' lang='lat' dir='ltr'>proterius</span> <span class='ocrx_word' id='word_1_397' title='bbox 919 4196 1037 4252; x_wconf 86' lang='lat' dir='ltr'>Athenas</span> <span class='ocrx_word' id='word_1_398' title='bbox 1049 4197 1165 4273; x_wconf 67' lang='lat' dir='ltr'>preterit</span> <span class='ocrx_word' id='word_1_399' title='bbox 1177 4214 1231 4256; x_wconf 79' lang='lat' dir='ltr'>etc.</span> 
     </span>
     <span class='ocr_line' id='line_1_44' title="bbox 253 4243 1261 4350; baseline -0.004 -22"><span class='ocrx_word' id='word_1_400' title='bbox 253 4287 281 4328; x_wconf 91' lang='lat' dir='ltr'>et</span> <span class='ocrx_word' id='word_1_401' title='bbox 304 4243 436 4337; x_wconf 63' lang='lat' dir='ltr'>hisaeam,</span> <span class='ocrx_word' id='word_1_402' title='bbox 456 4273 485 4329; x_wconf 87' lang='lat' dir='ltr'>in</span> <span class='ocrx_word' id='word_1_403' title='bbox 508 4279 592 4330; x_wconf 87' lang='lat' dir='ltr'>altum</span> <span class='ocrx_word' id='word_1_404' title='bbox 616 4276 721 4330; x_wconf 75' lang='lat' dir='ltr'>eveiius</span> <span class='ocrx_word' id='word_1_405' title='bbox 769 4272 876 4330; x_wconf 75' lang='lat' dir='ltr'>Similes</span> <span class='ocrx_word' id='word_1_406' title='bbox 899 4273 1084 4350; x_wconf 85' lang='lat' dir='ltr'>navigationes</span> <span class='ocrx_word' id='word_1_407' title='bbox 1099 4274 1232 4330; x_wconf 86' lang='lat' dir='ltr'>locorum·</span> <span class='ocrx_word' id='word_1_408' title='bbox 1258 4319 1261 4324; x_wconf 89' lang='lat'><em>.</em></span> 
     </span>
     <span class='ocr_line' id='line_1_45' title="bbox 252 4347 1233 4429; baseline 0.001 -26"><span class='ocrx_word' id='word_1_409' title='bbox 252 4367 268 4403; x_wconf 89' lang='lat' dir='ltr'>a</span> <span class='ocrx_word' id='word_1_410' title='bbox 296 4349 394 4406; x_wconf 80' lang='lat' dir='ltr'>dextra</span> <span class='ocrx_word' id='word_1_411' title='bbox 417 4347 545 4408; x_wconf 83' lang='lat' dir='ltr'>Isthmum</span> <span class='ocrx_word' id='word_1_412' title='bbox 572 4365 599 4407; x_wconf 81' lang='lat' dir='ltr'>et</span> <span class='ocrx_word' id='word_1_413' title='bbox 624 4349 722 4406; x_wconf 85' lang='lat' dir='ltr'>Corin·</span> <span class='ocrx_word' id='word_1_414' title='bbox 769 4370 821 4429; x_wconf 91' lang='lat' dir='ltr'>que</span> <span class='ocrx_word' id='word_1_415' title='bbox 834 4353 1046 4409; x_wconf 82' lang='lat' dir='ltr'>enumerationes</span> <span class='ocrx_word' id='word_1_416' title='bbox 1063 4349 1123 4407; x_wconf 84' lang='lat' dir='ltr'>sunt</span> <span class='ocrx_word' id='word_1_417' title='bbox 1145 4349 1233 4424; x_wconf 89' lang='lat' dir='ltr'>inpri-</span> 
     </span>
    </p>

    <p class='ocr_par' dir='ltr' id='par_1_6' title="bbox 846 4426 1231 4483">
     <span class='ocr_line' id='line_1_46' title="bbox 846 4426 1231 4483; baseline 0.005 -2"><span class='ocrx_word' id='word_1_418' title='bbox 846 4427 893 4483; x_wconf 77' lang='lat' dir='ltr'>le</span> <span class='ocrx_word' id='word_1_419' title='bbox 1180 4426 1231 4483; x_wconf 83' lang='lat' dir='ltr'>mis</span> 
     </span>
    </p>
   </div>
   <div class='ocr_carea' id='block_1_5' title="bbox 0 0 1618 5200">
    <p class='ocr_par' dir='ltr' id='par_1_7' title="bbox 0 0 1618 5200">
     <span class='ocr_line' id='line_1_47' title="bbox 0 0 1618 5200; baseline 0 1"><span class='ocrx_word' id='word_1_420' title='bbox 0 0 1618 5200; x_wconf 95' lang='lat' dir='ltr'> </span> 
     </span>
    </p>
   </div>
  </div>
 </body>
</html>
