3225 5200
360 555 428 608 212
478 533 534 606 'P.
572 533 856 607 VlRGlLIl
896 526 1202 608 MARONIS

362 727 472 802 Ebria
490 730 625 804 fumola
640 730 739 804 saltat
756 728 1051 818 lasci'vatabema,

409 864 469 935 Ad
486 865 649 936 cubitum
667 888 789 936 raucos
808 862 989 940 excutiens
1005 862 1172 935 calamos.

362 992 465 1092 Qid
473 997 577 1093 juvat
591 998 712 1068 aestivo
728 995 897 1066 defellum
913 995 1059 1090 pulvere
1074 995 1198 1084 abesse,
1312 1017 1334 1092 5
1451 1073 1455 1082 ,

408 1123 529 1224 Qam
545 1127 663 1223 potius
680 1125 805 1197 bibulo
817 1124 1017 1198 decubuisse
1031 1124 1134 1196 torol

348 1255 577 1352 'Suntcupae‚
602 1259 742 1346 calices,
767 1257 898 1354 cyathi,
923 1257 1010 1347 rosa,
1034 1259 1133 1346 tibia,
1157 1259 1313 1350 chordae,

355 1529 414 1606 jam
446 1532 523 1592 saltat
546 1535 715 1607 crotalistria,
739 1551 766 1594 et
787 1538 824 1596 src
872 1536 944 1614 quod
955 1533 1028 1594 orsus
1039 1536 1084 1595 est.
1123 1537 1274 1612 aestivodfi
1294 1555 1336 1590 um

358 1625 449 1740 porto,
489 1611 609 1690 Caupana
630 1617 696 1692 Syra
712 1617 824 1676 eLuci·
866 1617 975 1691 pulvere
984 1615 1063 1690 abeffe
1072 1611 1259 1690 accipiendum
1270 1610 1337 1677 erit,
1394 1639 1400 1644 ·

370 1682 399 1741 io
424 1687 495 1766 apud
522 1689 647 1750 Priscian.
675 1691 729 1768 Ἦ,
759 1711 823 1768 pag.
870 1691 973 1748 dictum
998 1709 1066 1767 pro:
1104 1688 1192 1746 aellivo
1216 1689 1337 1764 pulvere,

360 1762 417 1834 684
437 1767 567 1824 occurrit.
569 1817 591 1844 f
605 1770 689 1826 Graia
710 1772 825 1827 redimita
870 1767 970 1834 labore,
997 1765 1153 1843 defatigari.
1190 1766 1237 1822 Ad
1260 1782 1337 1822 exer-

358 1839 475 1898 mitclla:
500 1840 553 1900 fuit
578 1862 643 1922 ergo
669 1841 826 1904 Graeanici
871 1843 1027 1901 citationem
1039 1843 1210 1920 campestrem
1227 1853 1336 1898 revocat

359 1913 471 1992 alicujus
483 1919 549 1976 ritus
561 1937 746 1998 ornamentum
760 1923 823 1981 hoc.
871 1920 950 1978 unice
961 1919 1091 1998 Scaliger.
1125 1919 1224 1977 Malim
1233 1919 1267 1974 ad
1275 1935 1336 1994 per·

360 1990 457 2048 Talem
478 1997 661 2056 crotalillriam
688 2000 824 2057 minatam
844 2017 850 2020 ·
869 1997 1075 2074 egrinationem,
1108 2011 1264 2053 mercatura
1283 1995 1338 2050 stu-

359 2065 389 2124 in
415 2075 609 2136 monumentis,
621 2077 710 2154 paffim
731 2075 826 2134 'videre
870 2075 959 2142 dium,
978 2087 1005 2130 et
1015 2071 1110 2130 similia
1123 2073 1220 2131 referre
1242 2073 1271 2128 τὸ
1289 2069 1338 2126 ab·

359 2145 488 2204 memini:
520 2153 825 2209 unumetalterumex-
872 2151 938 2207 elle:
967 2150 1022 2207 fere
1034 2166 1064 2206 ut
1078 2148 1185 2206 Tibull.
1199 2149 1226 2216 I,
1254 2150 1338 2206 rNec

358 2225 476 2298 emplum
489 2226 525 2282 est
541 2226 569 2282 in
593 2229 704 2305 picturis
718 2229 825 2286 Hercu·
862 2233 962 2304 semper
983 2226 1065 2305 longae
1085 2228 1179 2284 deutrus
1201 2227 1245 2300 effe
1268 2235 1338 2291 viae,

357 2299 516 2360 laneusrbus.
556 2306 616 2362 Nec
636 2305 730 2361 diversr
744 2325 825 2381 gene·
871 2304 918 2360 nbi
927 2324 960 2360 ex
971 2304 999 2360 h.
1010 2306 1029 2362 l.
1040 2301 1149 2360 ariolari
1158 2304 1254 2379 pollis:
1282 2303 1340 2358 Nec

359 2377 398 2434 ris
434 2377 495 2433 sunt
532 2379 662 2447 tibicinae,
695 2381 825 2448 fidicina,
861 2386 962 2458 semper
979 2379 1054 2458 longa
1069 2383 1149 2457 feffus
1174 2378 1252 2436 abee
1276 2388 1336 2436 via.

359 2453 482 2530 psaltria.
524 2455 622 2514 Horat.
649 2457 753 2534 IEpp.
779 2478 825 2534 14,
871 2459 957 2525 Turn,
987 2471 1014 2514 et
1033 2475 1105 2513 nunc
1124 2455 1338 2532 interpungitur,

361 2550 395 2606 κς
410 2542 527 2590 meretrix
550 2533 663 2600 tibicina,
690 2541 759 2614 cajus
783 2537 831 2592 Ad
871 2532 1147 2613 intelligendumestt
1173 2533 1336 2611 Qidjuvat

349 2611 481 2684 strepitum
503 2610 587 2687 sulr'ns
612 2628 688 2669 terrae
709 2621 825 2692 gravis:
871 2613 989 2745 —abssffe
993 2622 1165 2689 potiusquam.
1179 2610 1241 2666 Nifi
1248 2612 1337 2686 placet

359 2686 394 2741 ad
409 2685 541 2744 villicum.
871 2708 933 2745 curn
966 2688 1239 2764 arthiodistinguere':
1266 2688 1342 2763 Quid

399 2780 424 2836 3·
436 2768 538 2838 salmosa
550 2765 664 2823 taberna.
691 2763 722 2819 ln
732 2782 823 2841 prom·
865 2766 1089 2845 juvat—abisti?
1107 2766 1193 2839 Quam
1208 2773 1338 2841 patius,-

359 2848 389 2893 tu
415 2838 452 2893 est
472 2839 605 2913 conjicere
619 2847 741 2927 fumosa:
774 2860 823 2897 nec
870 2844 944 2900 toro!
963 2840 1020 2899 scil.
1030 2846 1119 2916 juvat.
1139 2840 1338 2898 bibulumtorum

358 2932 452 2989 parum
483 2915 549 2971 mihi
574 2919 705 2974 arridere¹
720 2916 805 2975 fateor
814 2941 823 2986 i
871 2934 962 2986 vocat,
978 2919 1097 2995 Scaliger
1109 2916 1158 2994 ait,
1172 2916 1264 2992 inquo
1275 2918 1338 2993 plu·

358 2991 514 3067 ficquoque
534 2992 580 3050 ms.
602 2992 752 3053 Helmllad.
775 3014 825 3051 ex·
872 2994 969 3051 timum
979 2994 1123 3052 biberetur.
1162 2990 1271 3049 Durum
1291 3014 1339 3051 ve·

359 3067 472 3124 tribuisse
503 3068 592 3127 video.
645 3072 756 3129 Praefert
784 3088 824 3129 ta-
873 3091 904 3128 ro
922 3072 983 3129 hoc.
1035 3068 1154 3147 Accipio
1178 3070 1213 3125 de
1236 3069 1339 3146 cespite

358 3163 420 3202 men
458 3144 628 3205 Burmannus
664 3151 821 3227 vulgatum:
873 3149 916 3204 vel
933 3148 1056 3224 gramine
1079 3148 1108 3204 in
1134 3146 1190 3211 solo
1212 3146 1337 3203 arenoso.

359 3220 453 3278 melius
488 3223 561 3279 enim
587 3227 728 3283 convenire
753 3226 824 3283 illud
874 3224 981 3281 Poterat
1006 3224 1061 3281 alio
1083 3221 1202 3300 epitheto
1221 3240 1338 3280 ornare:

357 3297 524 3356 crotalistria
533 3300 639 3359 lasciva
650 3317 677 3360 et
688 3302 796 3361 infami.
872 3316 904 3358 ut
922 3302 1059 3380 fragilem,
1089 3317 1210 3364 tenerum,
1229 3302 1338 3375 fictum,

358 3374 630 3529 utililllt
649 3379 824 3513 lilllll·
872 3376 1337 3512 “illiloeffllllnifinl‘f‘is

476 3502 478 3508 .
752 3502 761 3526 5
815 3499 823 3514 .
1171 3495 1182 3521 2
1327 3486 1339 3498 ·

357 3526 480 3602 virgulae,
500 3527 565 3585 alias
579 3548 663 3597 aereae,
683 3531 728 3589 sed
751 3551 823 3589 nunc
860 3530 949 3605 vscite.

348 3623 392 3663 ex
415 3602 547 3660 arundine
571 3604 655 3673 scilla,
684 3627 749 3683 quas
775 3608 824 3665 illa
922 3627 950 3685 7.
984 3607 1063 3681 Cupae
1088 3603 1131 3661 vel
1156 3604 1253 3681 Cuppae
1276 3604 1340 3664 sunt

356 3676 426 3739 inter
448 3678 597 3741 saltandum
617 3684 739 3741 concutit
759 3704 823 3742 cum
872 3680 903 3740 in
928 3683 996 3741 cella
1016 3679 1118 3738 vinaria
1140 3680 1201 3737 vasa
1225 3682 1340 3756 majora.

357 3776 450 3816 manus
490 3756 711 3834 gesticulatione:
755 3780 822 3837 qua,
871 3761 913 3816 At
950 3755 1073 3817 leclionia
1122 3757 1234 3814 varietas
1271 3759 1340 3817 viria

348 3834 421 3892 'dum
436 3832 613 3912 virgularum,
632 3855 697 3913 quas
720 3836 823 3895 medias
871 3834 958 3894 doctis
981 3832 1142 3893 emendandi
1178 3833 1339 3893 facultatem

355 3910 451 3987 digitis
465 3925 548 3981 tenet,
565 3929 626 3989 pars
639 3911 820 3972 inferiorver-
871 3914 971 3971 attulit.
1010 3912 1131 3988 Scaliger
1142 3910 1233 3987 legit:
1274 3914 1341 3969 Sunt

353 3986 396 4042 sus
420 3987 529 4045 brachia
554 3988 746 4067 comploditur,
783 3996 825 4051 ad
863 3996 935 4066 'topia
949 3988 1102 4063 etcalylae:
1134 4006 1194 4063 quae
1219 3988 1339 4046 calicum

302 4068 304 4075 “
349 4062 458 4121 cubitum
470 4081 580 4124 excutere
588 4065 694 4125 calamos
702 4067 729 4125 h.
742 4068 763 4125 l.
776 4069 821 4126 di.
867 4086 965 4142 genera
987 4068 1057 4122 sunt.
1096 4064 1224 4121 Heinfius
1247 4079 1340 4123 autem

345 4139 436 4197 'eitun
868 4146 933 4202 Sunt
953 4142 1017 4201 obba
1038 4158 1063 4200 et
1082 4140 1177 4200 calices.
1208 4140 1265 4196 Cui
1291 4161 1340 4201 ac·

395 4237 422 4293 ς.
456 4214 521 4273 Non
536 4216 622 4297 Copae
634 4218 725 4289 verba,
744 4221 819 4294 quod
866 4220 984 4279 curatius
1005 4218 1062 4276 hac
1084 4215 1245 4294 cognoscere
1256 4216 1339 4276 libet.

353 4294 440 4369 vulgo
454 4292 528 4351 credi
549 4295 639 4362 video,
659 4297 715 4353 haec
740 4296 820 4354 sunta
868 4298 896 4353 ei
919 4296 1039 4358 adeundi
1064 4295 1126 4352 sunt
1157 4292 1279 4371 interpp.
1303 4295 1340 4353 ad

352 4370 507 4448 scdpoc'tae,
536 4368 585 4448 qui
612 4372 701 4449 pergit
727 4372 757 4431 in
775 4392 820 4441 eo,
869 4373 938 4435 h.l.
1210 4413 1244 4506 -8
1276 4445 1307 4505 T

392 4468 395 4475 ,
1248 4485 1256 4504 ⁸
1302 4470 1341 4505 n,
