3225 5200
333 547 369 623 vi
602 536 1055 613 PRAEFATIO.

340 744 411 849 qui
428 742 493 839 alii
510 739 623 825 sunt:
654 768 781 850 operae
797 742 971 850 pretium
998 739 1072 821 elle
1100 744 1249 851 putavi,
1283 742 1313 827 fi

338 878 593 985 Virgilianam
619 877 834 957 orationem
851 877 982 1005 Indice
995 875 1112 957 docta
1129 876 1315 961 industria

337 1012 517 1095 confecto
551 1014 777 1095 illustratam
812 1014 860 1093 ad
892 1016 1038 1094 calcem
1070 1012 1311 1123 subjicerem.

340 1155 514 1236 Debetur
525 1155 736 1235 autemille
749 1153 877 1233 studio
892 1157 997 1260 Aug.
1013 1154 1118 1237 Guil.
1136 1155 1313 1262 Schlegel,

340 1290 633 1382 Hannoverani‚
659 1288 707 1369 ad
724 1290 949 1397 praeclaram
964 1288 1120 1372 laudem
1142 1291 1315 1399 exquili-

340 1426 448 1509 tioris
468 1422 656 1511 doctrinae
682 1426 839 1507 eximiis
863 1426 1010 1537 ingenii
1026 1446 1064 1507 et
1081 1428 1203 1509 animi
1220 1428 1313 1511 viri-

343 1565 415 1645 bus
432 1564 637 1651 annitentis
648 1568 686 1644 *.

627 1726 653 1779 ι
815 1730 1030 1836 *A

397 1887 517 1993 Qod
535 1887 562 1969 fi
580 1889 642 1971 his
660 1918 683 1973 a
699 1919 763 1971 me
781 1891 919 1971 curatis
937 1890 983 1970 ad
1001 1892 1217 1972 litterarum
1243 1889 1314 1973 ha·-

341 2050 446 2117 rum,
473 2052 562 2134 quae
590 2024 636 2105 ad
655 2024 941 2105 humanitatem
959 2026 1113 2135 ingenia
1142 2026 1313 2136 fingunt,

340 2158 548 2243 utilitatem
561 2160 772 2269 quicquam
785 2157 1003 2270 profeclum
1021 2161 1255 2251 intellexero,
1275 2162 1317 2250 in

343 2288 427 2372 finu
462 2294 640 2400 gaudebo
649 2331 662 2385 t
711 2295 759 2375 ad
798 2298 954 2375 inanem
989 2318 1090 2377 certe
1127 2295 1315 2378 dostrinae

342 2428 637 2516 ostentationem
667 2432 790 2509 multa
816 2430 946 2515 moliri
979 2458 1113 2509 meum
1140 2460 1217 2512 non
1245 2432 1315 2521 est.

344 2566 432 2672 nist
441 2567 546 2646 enim
558 2567 647 2646 utile
659 2568 719 2675 est,
735 2565 1123 2678 quodjecimus‚stulta
1139 2569 1187 2674 est
1193 2569 1317 2673 gloria

344 2708 475 2812 nostra.
534 2705 753 2786 scribebam
774 2733 897 2786 xx111
920 2704 1024 2813 sept.
1049 2732 1315 2802 Moccexxv,

344 2843 580 2956 refingebam
599 2843 639 2924 d.
663 2871 708 2924 1v
730 2844 867 2924 Martii
893 2869 1259 2932 moccexxxvin.

383 3089 401 3122 ⁶
423 3087 594 3148 Sublecimm
615 3088 642 3148 ei
664 3106 770 3167 operam
791 3085 998 3147 commodarunt
1017 3086 1046 3144 io
1068 3101 1144 3166 porte
1162 3086 1251 3166 operis
1270 3091 1318 3154 Fr.

349 3197 419 3258 Gall.
432 3197 513 3277 Μ’,
528 3197 668 3266 Hannon„
686 3213 711 3256 et
726 3199 794 3258 Car.
815 3197 888 3256 Μ.
908 3196 1067 3264 Domdlen,
1087 3194 1212 3262 Hand..
1229 3195 1319 3255 Semi·

345 3301 413 3360 narii
424 3301 586 3380 philologici
598 3301 730 3360 Sodelitio
743 3301 944 3378 studiorumque
956 3298 1084 3357 societate
1096 3297 1245 3376 conjuntti.
1272 3297 1318 3359 ln·

345 3402 438 3460 dicem
451 3421 541 3464 autem
555 3407 584 3464 in
597 3407 682 3466 Notat
694 3405 811 3466 confecit
823 3403 892 3463 alius
911 3423 945 3464 cx
964 3401 1059 3461 eodem
1080 3393 1226 3472 sodalitio,
1251 3405 1319 3471 Car,
1383 3433 1386 3437 ²

349 3504 470 3564 Gottbold
485 3507 567 3575 buz,
583 3507 696 3586 quisuis
711 3509 768 3586 jam
788 3509 818 3567 in
838 3507 945 3570 Cetulli
961 3505 1176 3590 Epithclamium
1196 3505 1271 3569 curit
1289 3506 1321 3569 in

347 3605 468 3680 vitorum
481 3606 621 3684 duiletum
634 3609 762 3686 notitiem
773 3612 856 3683 venit.
