<?xml version="1.0" encoding="UTF-8"?>
<!DOCTYPE html PUBLIC "-//W3C//DTD XHTML 1.0 Transitional//EN"
    "http://www.w3.org/TR/xhtml1/DTD/xhtml1-transitional.dtd">
<html xmlns="http://www.w3.org/1999/xhtml" xml:lang="en" lang="en">
 <head>
  <title>
</title>
<meta http-equiv="Content-Type" content="text/html;charset=utf-8" />
  <meta name='ocr-system' content='tesseract 3.04.00' />
  <meta name='ocr-capabilities' content='ocr_page ocr_carea ocr_par ocr_line ocrx_word'/>
</head>
<body>
  <div class='ocr_page' id='page_1' title='image "./operavarietatel02virggoog/operavarietatel02virggoog_0054.png"; bbox 0 0 3225 5200; ppageno 0'>
   <div class='ocr_carea' id='block_1_1' title="bbox 473 533 1200 652">
    <p class='ocr_par' dir='ltr' id='par_1_1' title="bbox 473 533 1200 652">
     <span class='ocr_line' id='line_1_1' title="bbox 473 533 1200 652; baseline 0.008 -26"><span class='ocrx_word' id='word_1_1' title='bbox 473 575 477 584; x_wconf 88' lang='lat'><em>·</em></span> <span class='ocrx_word' id='word_1_2' title='bbox 572 533 851 634; x_wconf 63' lang='lat' dir='ltr'>chEn</span> <span class='ocrx_word' id='word_1_3' title='bbox 1162 576 1200 652; x_wconf 65' lang='grc' dir='ltr'>μ</span> 
     </span>
    </p>
   </div>
   <div class='ocr_carea' id='block_1_2' title="bbox 227 727 1205 1795">
    <p class='ocr_par' dir='ltr' id='par_1_2' title="bbox 227 727 1126 854">
     <span class='ocr_line' id='line_1_2' title="bbox 227 727 1126 854; baseline -0.007 -22"><span class='ocrx_word' id='word_1_4' title='bbox 227 739 346 833; x_wconf 75' lang='lat' dir='ltr'>Obvia</span> <span class='ocrx_word' id='word_1_5' title='bbox 364 752 572 854; x_wconf 88' lang='lat' dir='ltr'>Tifiphone,</span> <span class='ocrx_word' id='word_1_6' title='bbox 589 755 806 854; x_wconf 82' lang='lat' dir='ltr'>serpentibus</span> <span class='ocrx_word' id='word_1_7' title='bbox 823 751 978 850; x_wconf 85' lang='lat' dir='ltr'>undique</span> <span class='ocrx_word' id='word_1_8' title='bbox 993 727 1126 839; x_wconf 78' lang='lat' dir='ltr'>comta,</span> 
     </span>
    </p>

    <p class='ocr_par' dir='ltr' id='par_1_3' title="bbox 228 891 1163 1130">
     <span class='ocr_line' id='line_1_3' title="bbox 228 891 1163 991; baseline -0.011 -19"><span class='ocrx_word' id='word_1_9' title='bbox 228 895 279 972; x_wconf 87' lang='lat' dir='ltr'>Et</span> <span class='ocrx_word' id='word_1_10' title='bbox 294 897 456 970; x_wconf 85' lang='lat' dir='ltr'>flammas</span> <span class='ocrx_word' id='word_1_11' title='bbox 474 912 508 967; x_wconf 89' lang='lat' dir='ltr'>et</span> <span class='ocrx_word' id='word_1_12' title='bbox 521 891 613 967; x_wconf 76' lang='lat' dir='ltr'>loeva</span> <span class='ocrx_word' id='word_1_13' title='bbox 628 895 742 991; x_wconf 82' lang='lat' dir='ltr'>quatit</span> <span class='ocrx_word' id='word_1_14' title='bbox 754 893 846 966; x_wconf 90' lang='lat' dir='ltr'>mihi</span> <span class='ocrx_word' id='word_1_15' title='bbox 862 892 1006 965; x_wconf 83' lang='lat' dir='ltr'>verbera</span> <span class='ocrx_word' id='word_1_16' title='bbox 1020 913 1163 989; x_wconf 84' lang='lat' dir='ltr'>poeuae;</span> 
     </span>
     <span class='ocr_line' id='line_1_4' title="bbox 230 1028 987 1130; baseline -0.011 -23"><span class='ocrx_word' id='word_1_17' title='bbox 230 1035 404 1107; x_wconf 85' lang='lat' dir='ltr'>Cerberus</span> <span class='ocrx_word' id='word_1_18' title='bbox 421 1035 457 1104; x_wconf 83' lang='lat' dir='ltr'>et</span> <span class='ocrx_word' id='word_1_19' title='bbox 471 1029 559 1103; x_wconf 84' lang='lat' dir='ltr'>diris</span> <span class='ocrx_word' id='word_1_20' title='bbox 576 1031 702 1130; x_wconf 87' lang='lat' dir='ltr'>flagrat</span> <span class='ocrx_word' id='word_1_21' title='bbox 716 1028 898 1102; x_wconf 82' lang='lat' dir='ltr'>latratibus</span> <span class='ocrx_word' id='word_1_22' title='bbox 916 1051 987 1114; x_wconf 87' lang='lat' dir='ltr'>ora,</span> 
     </span>
    </p>

    <p class='ocr_par' dir='ltr' id='par_1_4' title="bbox 231 1161 1205 1664">
     <span class='ocr_line' id='line_1_5' title="bbox 231 1161 1205 1266; baseline -0.008 -24"><span class='ocrx_word' id='word_1_23' title='bbox 231 1168 418 1266; x_wconf 85' lang='lat' dir='ltr'>Anguibus</span> <span class='ocrx_word' id='word_1_24' title='bbox 429 1167 512 1238; x_wconf 89' lang='lat' dir='ltr'>hinc</span> <span class='ocrx_word' id='word_1_25' title='bbox 523 1184 630 1261; x_wconf 88' lang='lat' dir='ltr'>atque</span> <span class='ocrx_word' id='word_1_26' title='bbox 639 1164 722 1236; x_wconf 90' lang='lat' dir='ltr'>hinc</span> <span class='ocrx_word' id='word_1_27' title='bbox 736 1164 881 1236; x_wconf 90' lang='lat' dir='ltr'>horrent</span> <span class='ocrx_word' id='word_1_28' title='bbox 888 1163 948 1235; x_wconf 89' lang='lat' dir='ltr'>cui</span> <span class='ocrx_word' id='word_1_29' title='bbox 955 1161 1047 1235; x_wconf 89' lang='lat' dir='ltr'>colla</span> <span class='ocrx_word' id='word_1_30' title='bbox 1056 1161 1205 1250; x_wconf 58' lang='lat' dir='ltr'>reflexio</span> 
     </span>
     <span class='ocr_line' id='line_1_6' title="bbox 233 1261 1200 1398; baseline -0.005 -25"><span class='ocrx_word' id='word_1_31' title='bbox 233 1261 490 1398; x_wconf 71' lang='lat' dir='ltr'>sanguineique</span> <span class='ocrx_word' id='word_1_32' title='bbox 505 1299 642 1372; x_wconf 81' lang='lat' dir='ltr'>micant</span> <span class='ocrx_word' id='word_1_33' title='bbox 657 1282 820 1369; x_wconf 79' lang='lat' dir='ltr'>ardorem</span> <span class='ocrx_word' id='word_1_34' title='bbox 836 1296 982 1368; x_wconf 86' lang='lat' dir='ltr'>luminis</span> <span class='ocrx_word' id='word_1_35' title='bbox 999 1297 1114 1370; x_wconf 88' lang='lat' dir='ltr'>orbes.</span> <span class='ocrx_word' id='word_1_36' title='bbox 1135 1319 1200 1369; x_wconf 82' lang='lat'>221</span> 
     </span>
     <span class='ocr_line' id='line_1_7' title="bbox 232 1430 1165 1530; baseline -0.004 -22"><span class='ocrx_word' id='word_1_37' title='bbox 232 1433 338 1508; x_wconf 88' lang='lat' dir='ltr'>Heu!</span> <span class='ocrx_word' id='word_1_38' title='bbox 364 1433 452 1530; x_wconf 90' lang='lat' dir='ltr'>quid</span> <span class='ocrx_word' id='word_1_39' title='bbox 466 1434 511 1506; x_wconf 74' lang='lat' dir='ltr'>{ab</span> <span class='ocrx_word' id='word_1_40' title='bbox 527 1431 647 1504; x_wconf 87' lang='lat' dir='ltr'>officio</span> <span class='ocrx_word' id='word_1_41' title='bbox 663 1430 812 1528; x_wconf 83' lang='lat' dir='ltr'>digrclla</span> <span class='ocrx_word' id='word_1_42' title='bbox 828 1431 876 1503; x_wconf 84' lang='lat' dir='ltr'>est</span> <span class='ocrx_word' id='word_1_43' title='bbox 891 1433 1016 1530; x_wconf 81' lang='lat' dir='ltr'>gratia,</span> <span class='ocrx_word' id='word_1_44' title='bbox 1031 1457 1116 1507; x_wconf 88' lang='lat' dir='ltr'>cum</span> <span class='ocrx_word' id='word_1_45' title='bbox 1128 1450 1165 1505; x_wconf 87' lang='lat' dir='ltr'>te</span> 
     </span>
     <span class='ocr_line' id='line_1_8' title="bbox 233 1565 1014 1664; baseline 0 -26"><span class='ocrx_word' id='word_1_46' title='bbox 233 1565 384 1638; x_wconf 89' lang='lat' dir='ltr'>Restitui</span> <span class='ocrx_word' id='word_1_47' title='bbox 399 1565 528 1662; x_wconf 89' lang='lat' dir='ltr'>superis</span> <span class='ocrx_word' id='word_1_48' title='bbox 543 1567 606 1638; x_wconf 91' lang='lat' dir='ltr'>leti</span> <span class='ocrx_word' id='word_1_49' title='bbox 619 1565 699 1664; x_wconf 85' lang='lat' dir='ltr'>jam</span> <span class='ocrx_word' id='word_1_50' title='bbox 716 1565 841 1638; x_wconf 90' lang='lat' dir='ltr'>limine</span> <span class='ocrx_word' id='word_1_51' title='bbox 854 1567 901 1638; x_wconf 88' lang='lat' dir='ltr'>ab</span> <span class='ocrx_word' id='word_1_52' title='bbox 914 1566 1014 1664; x_wconf 86' lang='lat' dir='ltr'>ipso?</span> 
     </span>
    </p>

    <p class='ocr_par' dir='ltr' id='par_1_5' title="bbox 232 1679 1073 1795">
     <span class='ocr_line' id='line_1_9' title="bbox 232 1679 1073 1795; baseline 0.002 -23"><span class='ocrx_word' id='word_1_53' title='bbox 232 1699 385 1773; x_wconf 86' lang='lat' dir='ltr'>Praemia</span> <span class='ocrx_word' id='word_1_54' title='bbox 401 1696 481 1770; x_wconf 94' lang='lat' dir='ltr'>sunt</span> <span class='ocrx_word' id='word_1_55' title='bbox 496 1699 637 1795; x_wconf 87' lang='lat' dir='ltr'>pictatis</span> <span class='ocrx_word' id='word_1_56' title='bbox 655 1679 744 1770; x_wconf 81' lang='lat' dir='ltr'>ubi?</span> <span class='ocrx_word' id='word_1_57' title='bbox 769 1700 911 1795; x_wconf 84' lang='lat' dir='ltr'>pietatis</span> <span class='ocrx_word' id='word_1_58' title='bbox 925 1701 1073 1774; x_wconf 85' lang='lat' dir='ltr'>honores</span> 
     </span>
    </p>
   </div>
   <div class='ocr_carea' id='block_1_3' title="bbox 229 1915 1215 4510">
    <p class='ocr_par' dir='ltr' id='par_1_6' title="bbox 229 1915 1213 4437">
     <span class='ocr_line' id='line_1_10' title="bbox 230 1915 1210 1986; baseline 0.003 -20"><span class='ocrx_word' id='word_1_59' title='bbox 230 1916 335 1978; x_wconf 82' lang='lat' dir='ltr'>diverfis‚</span> <span class='ocrx_word' id='word_1_60' title='bbox 351 1929 374 1969; x_wconf 90' lang='lat' dir='ltr'>et</span> <span class='ocrx_word' id='word_1_61' title='bbox 385 1921 482 1986; x_wconf 62' lang='lat' dir='ltr'>poetam</span> <span class='ocrx_word' id='word_1_62' title='bbox 493 1929 589 1970; x_wconf 86' lang='lat' dir='ltr'>tantum</span> <span class='ocrx_word' id='word_1_63' title='bbox 601 1915 658 1967; x_wconf 84' lang='lat' dir='ltr'>haec</span> <span class='ocrx_word' id='word_1_64' title='bbox 670 1915 797 1984; x_wconf 80' lang='lat' dir='ltr'>scripfill&#39;et</span> <span class='ocrx_word' id='word_1_65' title='bbox 811 1918 875 1967; x_wconf 75' lang='lat' dir='ltr'>uideo</span> <span class='ocrx_word' id='word_1_66' title='bbox 882 1919 1005 1986; x_wconf 78' lang='lat' dir='ltr'>flagrantia</span> <span class='ocrx_word' id='word_1_67' title='bbox 1023 1919 1084 1969; x_wconf 75' lang='lat' dir='ltr'>redte</span> <span class='ocrx_word' id='word_1_68' title='bbox 1098 1921 1210 1978; x_wconf 68' lang='lat' dir='ltr'>Lumine</span> 
     </span>
     <span class='ocr_line' id='line_1_11' title="bbox 232 1993 1207 2064; baseline 0 -21"><span class='ocrx_word' id='word_1_69' title='bbox 232 1995 351 2062; x_wconf 64' lang='lat' dir='ltr'>Yifipbone,</span> <span class='ocrx_word' id='word_1_70' title='bbox 361 1997 492 2064; x_wconf 79' lang='lat' dir='ltr'><em>serpentibus</em></span> <span class='ocrx_word' id='word_1_71' title='bbox 502 1997 593 2064; x_wconf 74' lang='lat' dir='ltr'>undique</span> <span class='ocrx_word' id='word_1_72' title='bbox 604 1997 681 2053; x_wconf 74' lang='lat' dir='ltr'>rinela,</span> <span class='ocrx_word' id='word_1_73' title='bbox 697 1996 730 2042; x_wconf 84' lang='lat' dir='ltr'>Et</span> <span class='ocrx_word' id='word_1_74' title='bbox 739 1993 842 2058; x_wconf 71' lang='lat' dir='ltr'>flamme</span> <span class='ocrx_word' id='word_1_75' title='bbox 857 2007 879 2041; x_wconf 83' lang='lat' dir='ltr'>et</span> <span class='ocrx_word' id='word_1_76' title='bbox 888 1994 956 2059; x_wconf 74' lang='lat' dir='ltr'>sava</span> <span class='ocrx_word' id='word_1_77' title='bbox 966 1998 1038 2058; x_wconf 79' lang='lat' dir='ltr'>quatit</span> <span class='ocrx_word' id='word_1_78' title='bbox 1047 1998 1098 2043; x_wconf 74' lang='lat' dir='ltr'>nihi</span> <span class='ocrx_word' id='word_1_79' title='bbox 1114 1997 1207 2043; x_wconf 76' lang='lat' dir='ltr'>vertera</span> 
     </span>
     <span class='ocr_line' id='line_1_12' title="bbox 233 2067 1209 2136; baseline 0.001 -19"><span class='ocrx_word' id='word_1_80' title='bbox 233 2071 314 2128; x_wconf 80' lang='lat' dir='ltr'>Peene,</span> <span class='ocrx_word' id='word_1_81' title='bbox 330 2071 356 2120; x_wconf 88' lang='lat' dir='ltr'>h.</span> <span class='ocrx_word' id='word_1_82' title='bbox 376 2071 448 2120; x_wconf 85' lang='lat' dir='ltr'>Furia</span> <span class='ocrx_word' id='word_1_83' title='bbox 469 2073 545 2136; x_wconf 87' lang='lat' dir='ltr'>quatit</span> <span class='ocrx_word' id='word_1_84' title='bbox 564 2069 692 2136; x_wconf 73' lang='lat' dir='ltr'>flagrantia</span> <span class='ocrx_word' id='word_1_85' title='bbox 709 2068 779 2118; x_wconf 79' lang='lat' dir='ltr'>taedis</span> <span class='ocrx_word' id='word_1_86' title='bbox 795 2067 887 2116; x_wconf 86' lang='lat' dir='ltr'>lumina</span> <span class='ocrx_word' id='word_1_87' title='bbox 906 2067 1000 2132; x_wconf 76' lang='lat' dir='ltr'>(facee),</span> <span class='ocrx_word' id='word_1_88' title='bbox 1014 2081 1038 2117; x_wconf 90' lang='lat' dir='ltr'>et</span> <span class='ocrx_word' id='word_1_89' title='bbox 1055 2070 1165 2118; x_wconf 78' lang='lat' dir='ltr'>flammas</span> <span class='ocrx_word' id='word_1_90' title='bbox 1182 2083 1209 2119; x_wconf 86' lang='lat' dir='ltr'>et</span> 
     </span>
     <span class='ocr_line' id='line_1_13' title="bbox 232 2142 1206 2214; baseline 0 -21"><span class='ocrx_word' id='word_1_91' title='bbox 232 2146 337 2194; x_wconf 84' lang='lat' dir='ltr'>verbera</span> <span class='ocrx_word' id='word_1_92' title='bbox 355 2145 598 2212; x_wconf 59' lang='lat' dir='ltr'>(flagellat—218.</span> <span class='ocrx_word' id='word_1_93' title='bbox 618 2160 702 2214; x_wconf 71' lang='lat' dir='ltr'>poene,</span> <span class='ocrx_word' id='word_1_94' title='bbox 719 2159 802 2208; x_wconf 84' lang='lat' dir='ltr'>prave,</span> <span class='ocrx_word' id='word_1_95' title='bbox 820 2155 848 2191; x_wconf 91' lang='lat' dir='ltr'>ut</span> <span class='ocrx_word' id='word_1_96' title='bbox 867 2142 936 2190; x_wconf 79' lang='lat' dir='ltr'>facilc</span> <span class='ocrx_word' id='word_1_97' title='bbox 953 2144 979 2190; x_wconf 92' lang='lat' dir='ltr'>in</span> <span class='ocrx_word' id='word_1_98' title='bbox 996 2143 1078 2192; x_wconf 75' lang='lat' dir='ltr'>oculos</span> <span class='ocrx_word' id='word_1_99' title='bbox 1096 2145 1206 2194; x_wconf 86' lang='lat' dir='ltr'>incurrit.</span> 
     </span>
     <span class='ocr_line' id='line_1_14' title="bbox 232 2218 1209 2286; baseline -0.001 -15"><span class='ocrx_word' id='word_1_100' title='bbox 232 2225 307 2271; x_wconf 79' lang='lat' dir='ltr'>Poena</span> <span class='ocrx_word' id='word_1_101' title='bbox 326 2223 360 2271; x_wconf 86' lang='lat' dir='ltr'>eil</span> <span class='ocrx_word' id='word_1_102' title='bbox 379 2223 452 2279; x_wconf 65' lang='lat' dir='ltr'>nortl,</span> <span class='ocrx_word' id='word_1_103' title='bbox 465 2221 541 2272; x_wconf 78' lang='lat' dir='ltr'>Furia.</span> <span class='ocrx_word' id='word_1_104' title='bbox 559 2221 620 2273; x_wconf 82' lang='lat' dir='ltr'>coni.</span> <span class='ocrx_word' id='word_1_105' title='bbox 644 2221 742 2286; x_wconf 67' lang='lat' dir='ltr'>Sculig„</span> <span class='ocrx_word' id='word_1_106' title='bbox 761 2232 785 2268; x_wconf 92' lang='lat' dir='ltr'>et</span> <span class='ocrx_word' id='word_1_107' title='bbox 805 2218 836 2268; x_wconf 86' lang='lat' dir='ltr'>fic</span> <span class='ocrx_word' id='word_1_108' title='bbox 857 2230 915 2268; x_wconf 81' lang='lat' dir='ltr'>vett.</span> <span class='ocrx_word' id='word_1_109' title='bbox 933 2220 989 2270; x_wconf 85' lang='lat' dir='ltr'>edd.</span> <span class='ocrx_word' id='word_1_110' title='bbox 1024 2221 1093 2269; x_wconf 85' lang='lat' dir='ltr'>Male</span> <span class='ocrx_word' id='word_1_111' title='bbox 1104 2222 1209 2271; x_wconf 81' lang='lat' dir='ltr'>mutavit</span> 
     </span>
     <span class='ocr_line' id='line_1_15' title="bbox 233 2295 1206 2366; baseline 0.002 -22"><span class='ocrx_word' id='word_1_112' title='bbox 233 2296 358 2347; x_wconf 80' lang='lat' dir='ltr'>Bembue:</span> <span class='ocrx_word' id='word_1_113' title='bbox 373 2312 447 2366; x_wconf 76' lang='lat' dir='ltr'>pm</span> <span class='ocrx_word' id='word_1_114' title='bbox 464 2299 570 2348; x_wconf 75' lang='lat' dir='ltr'>Cerberus.</span> <span class='ocrx_word' id='word_1_115' title='bbox 602 2297 687 2346; x_wconf 80' lang='lat' dir='ltr'>Heius.</span> <span class='ocrx_word' id='word_1_116' title='bbox 709 2295 773 2360; x_wconf 84' lang='lat' dir='ltr'>conj.</span> <span class='ocrx_word' id='word_1_117' title='bbox 785 2309 882 2362; x_wconf 70' lang='lat' dir='ltr'>paenam,</span> <span class='ocrx_word' id='word_1_118' title='bbox 896 2311 945 2344; x_wconf 87' lang='lat' dir='ltr'>non</span> <span class='ocrx_word' id='word_1_119' title='bbox 961 2297 1031 2345; x_wconf 81' lang='lat' dir='ltr'>rideo</span> <span class='ocrx_word' id='word_1_120' title='bbox 1048 2313 1120 2362; x_wconf 81' lang='lat' dir='ltr'>quarn</span> <span class='ocrx_word' id='word_1_121' title='bbox 1135 2297 1206 2355; x_wconf 84' lang='lat' dir='ltr'>benc.</span> 
     </span>
     <span class='ocr_line' id='line_1_16' title="bbox 232 2372 1207 2442; baseline 0 -21"><span class='ocrx_word' id='word_1_122' title='bbox 232 2373 274 2424; x_wconf 79' lang='lat' dir='ltr'>vel</span> <span class='ocrx_word' id='word_1_123' title='bbox 285 2387 492 2442; x_wconf 73' lang='lat' dir='ltr'>panae—219.</span> <span class='ocrx_word' id='word_1_124' title='bbox 509 2375 705 2442; x_wconf 75' lang='lat' dir='ltr'>Volgojlagrant.</span> <span class='ocrx_word' id='word_1_125' title='bbox 740 2375 815 2422; x_wconf 84' lang='lat' dir='ltr'>Haud</span> <span class='ocrx_word' id='word_1_126' title='bbox 826 2372 897 2421; x_wconf 87' lang='lat' dir='ltr'>dubie</span> <span class='ocrx_word' id='word_1_127' title='bbox 906 2375 996 2440; x_wconf 74' lang='lat' dir='ltr'>flagrat</span> <span class='ocrx_word' id='word_1_128' title='bbox 1007 2373 1071 2422; x_wconf 83' lang='lat' dir='ltr'>tuit:</span> <span class='ocrx_word' id='word_1_129' title='bbox 1088 2374 1207 2423; x_wconf 70' lang='lat' dir='ltr'>Cerberus</span> 
     </span>
     <span class='ocr_line' id='line_1_17' title="bbox 232 2452 1206 2518; baseline 0 -16"><span class='ocrx_word' id='word_1_130' title='bbox 232 2453 321 2518; x_wconf 74' lang='lat' dir='ltr'>flagrat</span> <span class='ocrx_word' id='word_1_131' title='bbox 332 2469 375 2502; x_wconf 85' lang='lat' dir='ltr'>ora</span> <span class='ocrx_word' id='word_1_132' title='bbox 385 2453 518 2504; x_wconf 76' lang='lat' dir='ltr'>latratibus.</span> <span class='ocrx_word' id='word_1_133' title='bbox 540 2453 638 2503; x_wconf 86' lang='lat' dir='ltr'>Dicitur</span> <span class='ocrx_word' id='word_1_134' title='bbox 649 2463 730 2502; x_wconf 83' lang='lat' dir='ltr'>autem</span> <span class='ocrx_word' id='word_1_135' title='bbox 741 2452 852 2518; x_wconf 77' lang='lat' dir='ltr'>flagrare,</span> <span class='ocrx_word' id='word_1_136' title='bbox 862 2453 947 2509; x_wconf 85' lang='lat' dir='ltr'>calere,</span> <span class='ocrx_word' id='word_1_137' title='bbox 958 2454 1050 2512; x_wconf 88' lang='lat' dir='ltr'>ardere,</span> <span class='ocrx_word' id='word_1_138' title='bbox 1063 2455 1092 2502; x_wconf 90' lang='lat' dir='ltr'>de</span> <span class='ocrx_word' id='word_1_139' title='bbox 1101 2454 1206 2518; x_wconf 82' lang='lat' dir='ltr'>repetito</span> 
     </span>
     <span class='ocr_line' id='line_1_18' title="bbox 229 2528 1206 2596; baseline 0.002 -19"><span class='ocrx_word' id='word_1_140' title='bbox 229 2528 330 2595; x_wconf 77' lang='lat' dir='ltr'>alicujus</span> <span class='ocrx_word' id='word_1_141' title='bbox 348 2529 384 2578; x_wconf 92' lang='lat' dir='ltr'>rei</span> <span class='ocrx_word' id='word_1_142' title='bbox 403 2529 459 2577; x_wconf 72' lang='lat' dir='ltr'>adu</span> <span class='ocrx_word' id='word_1_143' title='bbox 470 2541 495 2578; x_wconf 87' lang='lat' dir='ltr'>et</span> <span class='ocrx_word' id='word_1_144' title='bbox 505 2529 639 2578; x_wconf 86' lang='lat' dir='ltr'>intentione</span> <span class='ocrx_word' id='word_1_145' title='bbox 650 2543 737 2593; x_wconf 81' lang='lat' dir='ltr'>operae.</span> <span class='ocrx_word' id='word_1_146' title='bbox 770 2528 890 2575; x_wconf 75' lang='lat' dir='ltr'>Notatum</span> <span class='ocrx_word' id='word_1_147' title='bbox 902 2531 1089 2596; x_wconf 81' lang='lat' dir='ltr'>quoqueflagrat</span> <span class='ocrx_word' id='word_1_148' title='bbox 1099 2531 1170 2578; x_wconf 82' lang='lat' dir='ltr'>video</span> <span class='ocrx_word' id='word_1_149' title='bbox 1190 2547 1206 2580; x_wconf 84' lang='lat' dir='ltr'>e</span> 
     </span>
     <span class='ocr_line' id='line_1_19' title="bbox 232 2597 1206 2672; baseline 0.003 -17"><span class='ocrx_word' id='word_1_150' title='bbox 232 2606 275 2656; x_wconf 88' lang='lat' dir='ltr'>ms.</span> <span class='ocrx_word' id='word_1_151' title='bbox 299 2606 388 2657; x_wconf 81' lang='lat' dir='ltr'>Koeler.</span> <span class='ocrx_word' id='word_1_152' title='bbox 411 2619 436 2657; x_wconf 88' lang='lat' dir='ltr'>et</span> <span class='ocrx_word' id='word_1_153' title='bbox 447 2608 551 2657; x_wconf 82' lang='lat' dir='ltr'>Helmst.</span> <span class='ocrx_word' id='word_1_154' title='bbox 584 2597 689 2671; x_wconf 77' lang='lat' dir='ltr'>Scaliger</span> <span class='ocrx_word' id='word_1_155' title='bbox 707 2606 819 2654; x_wconf 87' lang='lat' dir='ltr'>emendat</span> <span class='ocrx_word' id='word_1_156' title='bbox 833 2607 951 2672; x_wconf 61' lang='lat' dir='ltr'>flagrem</span> <span class='ocrx_word' id='word_1_157' title='bbox 968 2607 1124 2672; x_wconf 84' lang='lat' dir='ltr'>supplendum</span> <span class='ocrx_word' id='word_1_158' title='bbox 1140 2610 1206 2658; x_wconf 80' lang='lat' dir='ltr'>erit:</span> 
     </span>
     <span class='ocr_line' id='line_1_20' title="bbox 232 2682 1207 2749; baseline 0.003 -18"><span class='ocrx_word' id='word_1_159' title='bbox 232 2684 317 2733; x_wconf 76' lang='lat' dir='ltr'>obvius</span> <span class='ocrx_word' id='word_1_160' title='bbox 335 2682 374 2736; x_wconf 80' lang='lat' dir='ltr'>fit.</span> <span class='ocrx_word' id='word_1_161' title='bbox 407 2686 447 2749; x_wconf 90' lang='lat' dir='ltr'>J0.</span> <span class='ocrx_word' id='word_1_162' title='bbox 468 2684 592 2733; x_wconf 82' lang='lat' dir='ltr'>Schrader.</span> <span class='ocrx_word' id='word_1_163' title='bbox 615 2692 709 2731; x_wconf 76' lang='lat' dir='ltr'>tentate</span> <span class='ocrx_word' id='word_1_164' title='bbox 724 2682 830 2749; x_wconf 73' lang='lat' dir='ltr'>pandens,</span> <span class='ocrx_word' id='word_1_165' title='bbox 847 2685 925 2747; x_wconf 80' lang='lat' dir='ltr'>aperte.</span> <span class='ocrx_word' id='word_1_166' title='bbox 958 2682 1069 2732; x_wconf 79' lang='lat' dir='ltr'>Barrhius</span> <span class='ocrx_word' id='word_1_167' title='bbox 1085 2686 1157 2744; x_wconf 82' lang='lat' dir='ltr'>xxl,</span> <span class='ocrx_word' id='word_1_168' title='bbox 1173 2699 1207 2737; x_wconf 84' lang='lat'>20</span> 
     </span>
     <span class='ocr_line' id='line_1_21' title="bbox 232 2757 1206 2830; baseline 0.004 -22"><span class='ocrx_word' id='word_1_169' title='bbox 232 2776 281 2809; x_wconf 90' lang='lat' dir='ltr'>non</span> <span class='ocrx_word' id='word_1_170' title='bbox 297 2760 341 2810; x_wconf 86' lang='lat' dir='ltr'>nili</span> <span class='ocrx_word' id='word_1_171' title='bbox 353 2762 413 2811; x_wconf 81' lang='lat' dir='ltr'>dura</span> <span class='ocrx_word' id='word_1_172' title='bbox 423 2772 447 2810; x_wconf 89' lang='lat' dir='ltr'>cr</span> <span class='ocrx_word' id='word_1_173' title='bbox 458 2772 569 2811; x_wconf 78' lang='lat' dir='ltr'>contorte</span> <span class='ocrx_word' id='word_1_174' title='bbox 579 2758 656 2810; x_wconf 77' lang='lat' dir='ltr'>affert.</span> <span class='ocrx_word' id='word_1_175' title='bbox 688 2762 725 2807; x_wconf 84' lang='lat' dir='ltr'>At</span> <span class='ocrx_word' id='word_1_176' title='bbox 737 2757 819 2806; x_wconf 78' lang='lat' dir='ltr'>Heius.</span> <span class='ocrx_word' id='word_1_177' title='bbox 832 2758 967 2823; x_wconf 66' lang='lat' dir='ltr'>elegantem</span> <span class='ocrx_word' id='word_1_178' title='bbox 984 2760 1084 2808; x_wconf 76' lang='lat' dir='ltr'>Gerlerea</span> <span class='ocrx_word' id='word_1_179' title='bbox 1091 2776 1112 2810; x_wconf 88' lang='lat' dir='ltr'>et</span> <span class='ocrx_word' id='word_1_180' title='bbox 1121 2758 1143 2811; x_wconf 67' lang='lat' dir='ltr'>d.</span> <span class='ocrx_word' id='word_1_181' title='bbox 1153 2765 1206 2830; x_wconf 77' lang='lat' dir='ltr'>fla-</span> 
     </span>
     <span class='ocr_line' id='line_1_22' title="bbox 229 2836 1206 2904; baseline 0.004 -17"><span class='ocrx_word' id='word_1_182' title='bbox 229 2843 297 2904; x_wconf 74' lang='lat' dir='ltr'>grat}</span> <span class='ocrx_word' id='word_1_183' title='bbox 307 2840 324 2889; x_wconf 88' lang='lat'>1.</span> <span class='ocrx_word' id='word_1_184' title='bbox 337 2858 382 2889; x_wconf 84' lang='lat' dir='ltr'>ora.</span> <span class='ocrx_word' id='word_1_185' title='bbox 415 2841 452 2887; x_wconf 80' lang='lat' dir='ltr'>lta</span> <span class='ocrx_word' id='word_1_186' title='bbox 462 2851 543 2889; x_wconf 78' lang='lat' dir='ltr'>tomen</span> <span class='ocrx_word' id='word_1_187' title='bbox 555 2850 579 2887; x_wconf 89' lang='lat' dir='ltr'>et</span> <span class='ocrx_word' id='word_1_188' title='bbox 591 2838 661 2887; x_wconf 84' lang='lat' dir='ltr'>alteri</span> <span class='ocrx_word' id='word_1_189' title='bbox 678 2836 756 2885; x_wconf 78' lang='lat' dir='ltr'>versui</span> <span class='ocrx_word' id='word_1_190' title='bbox 768 2836 921 2884; x_wconf 89' lang='lat' dir='ltr'>medendum.</span> <span class='ocrx_word' id='word_1_191' title='bbox 954 2837 1021 2885; x_wconf 86' lang='lat' dir='ltr'>idem</span> <span class='ocrx_word' id='word_1_192' title='bbox 1032 2839 1093 2903; x_wconf 79' lang='lat' dir='ltr'>conj.</span> <span class='ocrx_word' id='word_1_193' title='bbox 1104 2842 1206 2891; x_wconf 82' lang='lat' dir='ltr'>Cerberue</span> 
     </span>
     <span class='ocr_line' id='line_1_23' title="bbox 231 2912 1206 2967; baseline 0.001 -1"><span class='ocrx_word' id='word_1_194' title='bbox 231 2930 253 2966; x_wconf 80' lang='lat' dir='ltr'>et</span> <span class='ocrx_word' id='word_1_195' title='bbox 262 2917 315 2966; x_wconf 81' lang='lat' dir='ltr'>diris</span> <span class='ocrx_word' id='word_1_196' title='bbox 326 2935 400 2966; x_wconf 80' lang='lat' dir='ltr'>acuens</span> <span class='ocrx_word' id='word_1_197' title='bbox 411 2916 526 2966; x_wconf 74' lang='lat' dir='ltr'>latratibus</span> <span class='ocrx_word' id='word_1_198' title='bbox 537 2920 611 2966; x_wconf 79' lang='lat' dir='ltr'>iteret</span> <span class='ocrx_word' id='word_1_199' title='bbox 627 2914 667 2963; x_wconf 82' lang='lat' dir='ltr'>sed</span> <span class='ocrx_word' id='word_1_200' title='bbox 684 2925 737 2963; x_wconf 90' lang='lat' dir='ltr'>tutn</span> <span class='ocrx_word' id='word_1_201' title='bbox 753 2912 834 2961; x_wconf 85' lang='lat' dir='ltr'>deficit</span> <span class='ocrx_word' id='word_1_202' title='bbox 850 2912 1081 2964; x_wconf 80' lang='lat' dir='ltr'>verbum.---220.</span> <span class='ocrx_word' id='word_1_203' title='bbox 1096 2932 1158 2967; x_wconf 81' lang='lat' dir='ltr'>arent</span> <span class='ocrx_word' id='word_1_204' title='bbox 1170 2922 1206 2967; x_wconf 83' lang='lat' dir='ltr'>cui</span> 
     </span>
     <span class='ocr_line' id='line_1_24' title="bbox 232 2988 1206 3062; baseline 0.005 -22"><span class='ocrx_word' id='word_1_205' title='bbox 232 2992 356 3043; x_wconf 78' lang='lat' dir='ltr'>collarett.</span> <span class='ocrx_word' id='word_1_206' title='bbox 370 2992 435 3051; x_wconf 80' lang='lat' dir='ltr'>cdd,</span> <span class='ocrx_word' id='word_1_207' title='bbox 452 2994 517 3057; x_wconf 91' lang='lat' dir='ltr'>quod</span> <span class='ocrx_word' id='word_1_208' title='bbox 536 3008 592 3041; x_wconf 86' lang='lat' dir='ltr'>cum</span> <span class='ocrx_word' id='word_1_209' title='bbox 611 2988 731 3056; x_wconf 82' lang='lat' dir='ltr'>Scaligero</span> <span class='ocrx_word' id='word_1_210' title='bbox 750 2990 863 3055; x_wconf 86' lang='lat' dir='ltr'>explicari</span> <span class='ocrx_word' id='word_1_211' title='bbox 880 2988 959 3055; x_wconf 64' lang='lat' dir='ltr'>poffit5</span> <span class='ocrx_word' id='word_1_212' title='bbox 977 2990 1092 3054; x_wconf 84' lang='lat' dir='ltr'>squalent.</span> <span class='ocrx_word' id='word_1_213' title='bbox 1124 3001 1206 3062; x_wconf 75' lang='lat' dir='ltr'>repexit</span> 
     </span>
     <span class='ocr_line' id='line_1_25' title="bbox 233 3068 1208 3138; baseline 0.006 -21"><span class='ocrx_word' id='word_1_214' title='bbox 233 3085 281 3120; x_wconf 87' lang='lat' dir='ltr'>em.</span> <span class='ocrx_word' id='word_1_215' title='bbox 293 3070 385 3128; x_wconf 76' lang='lat' dir='ltr'>Heius..</span> <span class='ocrx_word' id='word_1_216' title='bbox 402 3086 459 3119; x_wconf 89' lang='lat' dir='ltr'>nam</span> <span class='ocrx_word' id='word_1_217' title='bbox 470 3082 495 3119; x_wconf 91' lang='lat' dir='ltr'>et</span> <span class='ocrx_word' id='word_1_218' title='bbox 505 3069 577 3135; x_wconf 77' lang='lat' dir='ltr'>supra</span> <span class='ocrx_word' id='word_1_219' title='bbox 589 3081 636 3131; x_wconf 78' lang='lat'>217</span> <span class='ocrx_word' id='word_1_220' title='bbox 641 3068 773 3138; x_wconf 77' lang='lat' dir='ltr'>serpentibus</span> <span class='ocrx_word' id='word_1_221' title='bbox 784 3072 874 3136; x_wconf 64' lang='lat' dir='ltr'>unoque</span> <span class='ocrx_word' id='word_1_222' title='bbox 884 3082 1079 3121; x_wconf 65' lang='lat' dir='ltr'>coenem—221.</span> <span class='ocrx_word' id='word_1_223' title='bbox 1095 3074 1151 3123; x_wconf 80' lang='lat' dir='ltr'>arbee</span> <span class='ocrx_word' id='word_1_224' title='bbox 1162 3089 1208 3137; x_wconf 84' lang='lat' dir='ltr'>per</span> 
     </span>
     <span class='ocr_line' id='line_1_26' title="bbox 231 3139 1208 3213; baseline 0 -18"><span class='ocrx_word' id='word_1_225' title='bbox 231 3139 320 3196; x_wconf 74' lang='lat' dir='ltr'>sciunt</span> <span class='ocrx_word' id='word_1_226' title='bbox 332 3147 407 3205; x_wconf 85' lang='lat' dir='ltr'>oculi,</span> <span class='ocrx_word' id='word_1_227' title='bbox 432 3147 487 3196; x_wconf 91' lang='lat' dir='ltr'>etii</span> <span class='ocrx_word' id='word_1_228' title='bbox 503 3152 581 3198; x_wconf 68' lang='lat' dir='ltr'>micant</span> <span class='ocrx_word' id='word_1_229' title='bbox 595 3148 690 3196; x_wconf 76' lang='lat' dir='ltr'>aedom</span> <span class='ocrx_word' id='word_1_230' title='bbox 707 3147 789 3195; x_wconf 76' lang='lat' dir='ltr'>leminis</span> <span class='ocrx_word' id='word_1_231' title='bbox 801 3146 921 3213; x_wconf 63' lang='lat' dir='ltr'>sanguineis</span> <span class='ocrx_word' id='word_1_232' title='bbox 952 3144 999 3193; x_wconf 85' lang='lat' dir='ltr'>Sed</span> <span class='ocrx_word' id='word_1_233' title='bbox 1009 3158 1070 3199; x_wconf 75' lang='lat' dir='ltr'>vett:</span> <span class='ocrx_word' id='word_1_234' title='bbox 1083 3148 1138 3197; x_wconf 90' lang='lat' dir='ltr'>edd.</span> <span class='ocrx_word' id='word_1_235' title='bbox 1148 3153 1208 3200; x_wconf 70' lang='lat' dir='ltr'>Sae-</span> 
     </span>
     <span class='ocr_line' id='line_1_27' title="bbox 231 3222 1206 3292; baseline 0.001 -18"><span class='ocrx_word' id='word_1_236' title='bbox 231 3226 387 3292; x_wconf 65' lang='lat' dir='ltr'>guiemmqeet</span> <span class='ocrx_word' id='word_1_237' title='bbox 405 3226 471 3289; x_wconf 84' lang='lat' dir='ltr'>quod</span> <span class='ocrx_word' id='word_1_238' title='bbox 489 3224 583 3275; x_wconf 76' lang='lat' dir='ltr'>melius.</span> <span class='ocrx_word' id='word_1_239' title='bbox 618 3224 657 3273; x_wconf 78' lang='lat' dir='ltr'>Sic</span> <span class='ocrx_word' id='word_1_240' title='bbox 674 3222 731 3273; x_wconf 71' lang='lat' dir='ltr'>orbes</span> <span class='ocrx_word' id='word_1_241' title='bbox 749 3225 832 3274; x_wconf 76' lang='lat' dir='ltr'>luminis</span> <span class='ocrx_word' id='word_1_242' title='bbox 852 3227 929 3273; x_wconf 77' lang='lat' dir='ltr'>micant</span> <span class='ocrx_word' id='word_1_243' title='bbox 942 3226 1081 3292; x_wconf 73' lang='lat' dir='ltr'>sanguineam</span> <span class='ocrx_word' id='word_1_244' title='bbox 1102 3230 1206 3277; x_wconf 73' lang='lat' dir='ltr'>ardorem.</span> 
     </span>
     <span class='ocr_line' id='line_1_28' title="bbox 233 3298 1207 3369; baseline 0.005 -21"><span class='ocrx_word' id='word_1_245' title='bbox 233 3298 278 3348; x_wconf 87' lang='lat' dir='ltr'>Ml.</span> <span class='ocrx_word' id='word_1_246' title='bbox 289 3301 395 3351; x_wconf 86' lang='lat' dir='ltr'>Helmll.</span> <span class='ocrx_word' id='word_1_247' title='bbox 406 3300 563 3367; x_wconf 70' lang='lat' dir='ltr'>sanguineique</span> <span class='ocrx_word' id='word_1_248' title='bbox 578 3302 654 3351; x_wconf 78' lang='lat' dir='ltr'>ardore</span> <span class='ocrx_word' id='word_1_249' title='bbox 671 3304 748 3351; x_wconf 78' lang='lat' dir='ltr'>micant</span> <span class='ocrx_word' id='word_1_250' title='bbox 759 3301 809 3365; x_wconf 80' lang='lat' dir='ltr'>jem</span> <span class='ocrx_word' id='word_1_251' title='bbox 819 3303 902 3349; x_wconf 72' lang='lat' dir='ltr'>luminis</span> <span class='ocrx_word' id='word_1_252' title='bbox 912 3300 977 3351; x_wconf 76' lang='lat' dir='ltr'>ortes.</span> <span class='ocrx_word' id='word_1_253' title='bbox 1011 3303 1094 3351; x_wconf 83' lang='lat' dir='ltr'>Petav.</span> <span class='ocrx_word' id='word_1_254' title='bbox 1110 3305 1207 3369; x_wconf 73' lang='lat' dir='ltr'>Sangui·</span> 
     </span>
     <span class='ocr_line' id='line_1_29' title="bbox 233 3374 1207 3441; baseline 0.008 -20"><span class='ocrx_word' id='word_1_255' title='bbox 233 3384 312 3441; x_wconf 77' lang='lat' dir='ltr'>tuaque</span> <span class='ocrx_word' id='word_1_256' title='bbox 330 3388 355 3425; x_wconf 90' lang='lat' dir='ltr'>et</span> <span class='ocrx_word' id='word_1_257' title='bbox 373 3376 453 3425; x_wconf 54' lang='lat' dir='ltr'>arbon</span> <span class='ocrx_word' id='word_1_258' title='bbox 471 3375 553 3424; x_wconf 86' lang='lat' dir='ltr'>Heius.</span> <span class='ocrx_word' id='word_1_259' title='bbox 578 3375 642 3439; x_wconf 85' lang='lat' dir='ltr'>conj.</span> <span class='ocrx_word' id='word_1_260' title='bbox 659 3378 737 3425; x_wconf 67' lang='lat' dir='ltr'>micant</span> <span class='ocrx_word' id='word_1_261' title='bbox 755 3375 876 3440; x_wconf 58' lang='lat' dir='ltr'>Mundum.</span> <span class='ocrx_word' id='word_1_262' title='bbox 911 3377 951 3439; x_wconf 86' lang='lat' dir='ltr'>Jo.</span> <span class='ocrx_word' id='word_1_263' title='bbox 971 3374 1094 3425; x_wconf 77' lang='lat' dir='ltr'>Schrader.</span> <span class='ocrx_word' id='word_1_264' title='bbox 1113 3374 1207 3430; x_wconf 60' lang='lat' dir='ltr'>ardenti}</span> 
     </span>
     <span class='ocr_line' id='line_1_30' title="bbox 233 3452 1207 3521; baseline 0.006 -22"><span class='ocrx_word' id='word_1_265' title='bbox 233 3452 445 3505; x_wconf 63' lang='lat' dir='ltr'>laminir-222.</span> <span class='ocrx_word' id='word_1_266' title='bbox 464 3455 613 3505; x_wconf 82' lang='lat' dir='ltr'>Sententiam</span> <span class='ocrx_word' id='word_1_267' title='bbox 625 3454 739 3503; x_wconf 77' lang='lat' dir='ltr'>nonsatis</span> <span class='ocrx_word' id='word_1_268' title='bbox 755 3453 904 3519; x_wconf 81' lang='lat' dir='ltr'>exploratam</span> <span class='ocrx_word' id='word_1_269' title='bbox 915 3453 1000 3502; x_wconf 87' lang='lat' dir='ltr'>habeo.</span> <span class='ocrx_word' id='word_1_270' title='bbox 1029 3460 1105 3521; x_wconf 71' lang='lat' dir='ltr'>gratia</span> <span class='ocrx_word' id='word_1_271' title='bbox 1124 3469 1207 3508; x_wconf 81' lang='lat' dir='ltr'>tamen</span> 
     </span>
     <span class='ocr_line' id='line_1_31' title="bbox 235 3526 1205 3595; baseline 0.01 -20"><span class='ocrx_word' id='word_1_272' title='bbox 235 3538 278 3575; x_wconf 75' lang='lat' dir='ltr'>aut</span> <span class='ocrx_word' id='word_1_273' title='bbox 287 3526 428 3579; x_wconf 82' lang='lat' dir='ltr'>beneficium</span> <span class='ocrx_word' id='word_1_274' title='bbox 445 3529 486 3579; x_wconf 83' lang='lat' dir='ltr'>vel</span> <span class='ocrx_word' id='word_1_275' title='bbox 502 3530 679 3589; x_wconf 79' lang='lat' dir='ltr'>benevolentia,</span> <span class='ocrx_word' id='word_1_276' title='bbox 694 3540 735 3579; x_wconf 88' lang='lat' dir='ltr'>aut</span> <span class='ocrx_word' id='word_1_277' title='bbox 748 3534 831 3595; x_wconf 80' lang='lat' dir='ltr'>gratus</span> <span class='ocrx_word' id='word_1_278' title='bbox 840 3528 950 3578; x_wconf 84' lang='lat' dir='ltr'>beneficii</span> <span class='ocrx_word' id='word_1_279' title='bbox 960 3532 1051 3595; x_wconf 85' lang='lat' dir='ltr'>accepti</span> <span class='ocrx_word' id='word_1_280' title='bbox 1068 3533 1146 3583; x_wconf 74' lang='lat' dir='ltr'>sensus</span> <span class='ocrx_word' id='word_1_281' title='bbox 1162 3536 1205 3588; x_wconf 87' lang='lat' dir='ltr'>cst.</span> 
     </span>
     <span class='ocr_line' id='line_1_32' title="bbox 235 3602 1207 3675; baseline 0.011 -25"><span class='ocrx_word' id='word_1_282' title='bbox 235 3602 260 3651; x_wconf 87' lang='lat' dir='ltr'>si</span> <span class='ocrx_word' id='word_1_283' title='bbox 281 3604 354 3669; x_wconf 80' lang='lat' dir='ltr'>prius,</span> <span class='ocrx_word' id='word_1_284' title='bbox 374 3617 427 3655; x_wconf 87' lang='lat' dir='ltr'>tum</span> <span class='ocrx_word' id='word_1_285' title='bbox 443 3607 562 3657; x_wconf 86' lang='lat' dir='ltr'>sententia</span> <span class='ocrx_word' id='word_1_286' title='bbox 580 3606 622 3666; x_wconf 84' lang='lat' dir='ltr'>est,</span> <span class='ocrx_word' id='word_1_287' title='bbox 640 3607 712 3655; x_wconf 82' lang='lat' dir='ltr'>nimir</span> <span class='ocrx_word' id='word_1_288' title='bbox 731 3605 794 3655; x_wconf 87' lang='lat' dir='ltr'>lorte</span> <span class='ocrx_word' id='word_1_289' title='bbox 812 3618 898 3671; x_wconf 85' lang='lat' dir='ltr'>arguta</span> <span class='ocrx_word' id='word_1_290' title='bbox 916 3622 961 3671; x_wconf 82' lang='lat' dir='ltr'>pro</span> <span class='ocrx_word' id='word_1_291' title='bbox 977 3606 1023 3655; x_wconf 90' lang='lat' dir='ltr'>hoc</span> <span class='ocrx_word' id='word_1_292' title='bbox 1038 3616 1130 3675; x_wconf 63' lang='lat' dir='ltr'>poeta:</span> <span class='ocrx_word' id='word_1_293' title='bbox 1152 3614 1207 3661; x_wconf 87' lang='lat' dir='ltr'>Heu</span> 
     </span>
     <span class='ocr_line' id='line_1_33' title="bbox 234 3676 1206 3753; baseline 0.012 -27"><span class='ocrx_word' id='word_1_294' title='bbox 234 3694 309 3745; x_wconf 82' lang='lat' dir='ltr'>quare</span> <span class='ocrx_word' id='word_1_295' title='bbox 317 3685 399 3747; x_wconf 70' lang='lat' dir='ltr'>gratie,</span> <span class='ocrx_word' id='word_1_296' title='bbox 412 3676 570 3731; x_wconf 86' lang='lat' dir='ltr'>beneficentia</span> <span class='ocrx_word' id='word_1_297' title='bbox 580 3692 605 3731; x_wconf 89' lang='lat' dir='ltr'>et</span> <span class='ocrx_word' id='word_1_298' title='bbox 616 3681 782 3731; x_wconf 81' lang='lat' dir='ltr'>benevolentia</span> <span class='ocrx_word' id='word_1_299' title='bbox 793 3698 856 3741; x_wconf 87' lang='lat' dir='ltr'>mea,</span> <span class='ocrx_word' id='word_1_300' title='bbox 870 3683 960 3751; x_wconf 77' lang='lat' dir='ltr'>digreffir</span> <span class='ocrx_word' id='word_1_301' title='bbox 978 3685 1004 3749; x_wconf 62' lang='grc' dir='ltr'>ιβ</span> <span class='ocrx_word' id='word_1_302' title='bbox 1023 3686 1051 3733; x_wconf 84' lang='lat' dir='ltr'>ab</span> <span class='ocrx_word' id='word_1_303' title='bbox 1069 3688 1140 3753; x_wconf 64' lang='lat' dir='ltr'>ficio,</span> <span class='ocrx_word' id='word_1_304' title='bbox 1154 3687 1206 3738; x_wconf 87' lang='lat' dir='ltr'>scil.</span> 
     </span>
     <span class='ocr_line' id='line_1_34' title="bbox 232 3756 1209 3823; baseline 0.006 -20"><span class='ocrx_word' id='word_1_305' title='bbox 232 3767 272 3815; x_wconf 82' lang='lat' dir='ltr'>eo,</span> <span class='ocrx_word' id='word_1_306' title='bbox 291 3757 357 3821; x_wconf 86' lang='lat' dir='ltr'>quod</span> <span class='ocrx_word' id='word_1_307' title='bbox 374 3758 433 3806; x_wconf 86' lang='lat' dir='ltr'>mihi</span> <span class='ocrx_word' id='word_1_308' title='bbox 456 3758 499 3823; x_wconf 74' lang='lat' dir='ltr'>ipsi</span> <span class='ocrx_word' id='word_1_309' title='bbox 518 3757 641 3808; x_wconf 81' lang='lat' dir='ltr'>debebam.</span> <span class='ocrx_word' id='word_1_310' title='bbox 675 3759 726 3807; x_wconf 84' lang='lat' dir='ltr'>Cur</span> <span class='ocrx_word' id='word_1_311' title='bbox 740 3756 801 3806; x_wconf 78' lang='lat' dir='ltr'>t&#39;nihi</span> <span class='ocrx_word' id='word_1_312' title='bbox 813 3758 856 3823; x_wconf 85' lang='lat' dir='ltr'>ipli</span> <span class='ocrx_word' id='word_1_313' title='bbox 868 3759 942 3816; x_wconf 84' lang='lat' dir='ltr'>defui,</span> <span class='ocrx_word' id='word_1_314' title='bbox 960 3760 1018 3808; x_wconf 87' lang='lat' dir='ltr'>dum</span> <span class='ocrx_word' id='word_1_315' title='bbox 1029 3761 1103 3809; x_wconf 82' lang='lat' dir='ltr'>alium</span> <span class='ocrx_word' id='word_1_316' title='bbox 1115 3764 1209 3810; x_wconf 72' lang='lat' dir='ltr'>seruere</span> 
     </span>
     <span class='ocr_line' id='line_1_35' title="bbox 233 3832 1208 3901; baseline 0.005 -20"><span class='ocrx_word' id='word_1_317' title='bbox 233 3832 321 3882; x_wconf 81' lang='lat' dir='ltr'>studui.</span> <span class='ocrx_word' id='word_1_318' title='bbox 352 3833 393 3883; x_wconf 85' lang='lat' dir='ltr'>Sin</span> <span class='ocrx_word' id='word_1_319' title='bbox 414 3838 519 3884; x_wconf 85' lang='lat' dir='ltr'>alterum</span> <span class='ocrx_word' id='word_1_320' title='bbox 537 3844 655 3899; x_wconf 77' lang='lat' dir='ltr'>tenemus,</span> <span class='ocrx_word' id='word_1_321' title='bbox 674 3835 781 3899; x_wconf 91' lang='lat' dir='ltr'>queritur</span> <span class='ocrx_word' id='word_1_322' title='bbox 801 3835 877 3885; x_wconf 79' lang='lat' dir='ltr'>Culex</span> <span class='ocrx_word' id='word_1_323' title='bbox 894 3837 924 3884; x_wconf 84' lang='lat' dir='ltr'>d&#39;e</span> <span class='ocrx_word' id='word_1_324' title='bbox 940 3837 1029 3899; x_wconf 85' lang='lat' dir='ltr'>pietate</span> <span class='ocrx_word' id='word_1_325' title='bbox 1041 3849 1064 3885; x_wconf 88' lang='lat' dir='ltr'>et</span> <span class='ocrx_word' id='word_1_326' title='bbox 1075 3850 1145 3901; x_wconf 75' lang='lat' dir='ltr'>grata</span> <span class='ocrx_word' id='word_1_327' title='bbox 1156 3851 1208 3886; x_wconf 85' lang='lat' dir='ltr'>me·</span> 
     </span>
     <span class='ocr_line' id='line_1_36' title="bbox 233 3902 1213 3976; baseline 0.005 -19"><span class='ocrx_word' id='word_1_328' title='bbox 233 3909 318 3967; x_wconf 85' lang='lat' dir='ltr'>moria,</span> <span class='ocrx_word' id='word_1_329' title='bbox 341 3924 395 3975; x_wconf 68' lang='lat' dir='ltr'>quae</span> <span class='ocrx_word' id='word_1_330' title='bbox 414 3908 494 3959; x_wconf 84' lang='lat' dir='ltr'>bffieio</span> <span class='ocrx_word' id='word_1_331' title='bbox 516 3923 541 3960; x_wconf 90' lang='lat' dir='ltr'>et</span> <span class='ocrx_word' id='word_1_332' title='bbox 557 3902 673 3960; x_wconf 81' lang='lat' dir='ltr'>beneficio</span> <span class='ocrx_word' id='word_1_333' title='bbox 692 3922 790 3976; x_wconf 81' lang='lat' dir='ltr'>accepto</span> <span class='ocrx_word' id='word_1_334' title='bbox 809 3928 859 3959; x_wconf 88' lang='lat' dir='ltr'>nou</span> <span class='ocrx_word' id='word_1_335' title='bbox 870 3912 1006 3975; x_wconf 78' lang='lat' dir='ltr'>respondet.</span> <span class='ocrx_word' id='word_1_336' title='bbox 1037 3906 1150 3961; x_wconf 78' lang='lat' dir='ltr'>Alterum</span> <span class='ocrx_word' id='word_1_337' title='bbox 1161 3914 1213 3962; x_wconf 73' lang='lat' dir='ltr'>hoc</span> 
     </span>
     <span class='ocr_line' id='line_1_37' title="bbox 232 3975 1212 4056; baseline 0.005 -22"><span class='ocrx_word' id='word_1_338' title='bbox 232 3986 317 4035; x_wconf 80' lang='lat' dir='ltr'>melius</span> <span class='ocrx_word' id='word_1_339' title='bbox 334 3986 393 4051; x_wconf 84' lang='lat' dir='ltr'>poni</span> <span class='ocrx_word' id='word_1_340' title='bbox 412 3986 524 4035; x_wconf 85' lang='lat' dir='ltr'>arbitror.</span> <span class='ocrx_word' id='word_1_341' title='bbox 556 3988 729 4037; x_wconf 80' lang='lat' dir='ltr'>Taubmanuur</span> <span class='ocrx_word' id='word_1_342' title='bbox 749 3989 837 4056; x_wconf 60' lang='lat' dir='ltr'>ficium</span> <span class='ocrx_word' id='word_1_343' title='bbox 855 3988 885 4035; x_wconf 88' lang='lat' dir='ltr'>de</span> <span class='ocrx_word' id='word_1_344' title='bbox 903 3986 1020 4035; x_wconf 87' lang='lat' dir='ltr'>beneficio</span> <span class='ocrx_word' id='word_1_345' title='bbox 1040 3990 1142 4055; x_wconf 81' lang='lat' dir='ltr'>acciplt;</span> <span class='ocrx_word' id='word_1_346' title='bbox 1158 3975 1212 4056; x_wconf 57' lang='lat' dir='ltr'>quo&#39;</span> 
     </span>
     <span class='ocr_line' id='line_1_38' title="bbox 232 4056 1208 4132; baseline 0.009 -24"><span class='ocrx_word' id='word_1_347' title='bbox 232 4056 408 4126; x_wconf 76' lang='lat' dir='ltr'>seusu-reliqua,</span> <span class='ocrx_word' id='word_1_348' title='bbox 419 4062 513 4125; x_wconf 81' lang='lat' dir='ltr'>ignoro.</span> <span class='ocrx_word' id='word_1_349' title='bbox 544 4064 666 4114; x_wconf 80' lang='lat' dir='ltr'>Ascenfiuo</span> <span class='ocrx_word' id='word_1_350' title='bbox 678 4064 757 4113; x_wconf 88' lang='lat' dir='ltr'>reddit</span> <span class='ocrx_word' id='word_1_351' title='bbox 769 4079 775 4111; x_wconf 91' lang='lat'>:</span> <span class='ocrx_word' id='word_1_352' title='bbox 794 4064 840 4111; x_wconf 87' lang='lat' dir='ltr'>heu</span> <span class='ocrx_word' id='word_1_353' title='bbox 852 4063 910 4127; x_wconf 89' lang='lat' dir='ltr'>quid</span> <span class='ocrx_word' id='word_1_354' title='bbox 919 4061 952 4110; x_wconf 84' lang='lat' dir='ltr'>ess</span> <span class='ocrx_word' id='word_1_355' title='bbox 963 4064 1094 4129; x_wconf 82' lang='lat' dir='ltr'>gratitudo,</span> <span class='ocrx_word' id='word_1_356' title='bbox 1106 4067 1208 4132; x_wconf 77' lang='lat' dir='ltr'>digressa</span> 
     </span>
     <span class='ocr_line' id='line_1_39' title="bbox 233 4136 1206 4205; baseline 0.007 -21"><span class='ocrx_word' id='word_1_357' title='bbox 233 4136 264 4184; x_wconf 84' lang='lat' dir='ltr'>ab</span> <span class='ocrx_word' id='word_1_358' title='bbox 274 4136 353 4186; x_wconf 80' lang='lat' dir='ltr'>officio</span> <span class='ocrx_word' id='word_1_359' title='bbox 369 4138 433 4200; x_wconf 81' lang='lat' dir='ltr'>grati</span> <span class='ocrx_word' id='word_1_360' title='bbox 454 4138 658 4201; x_wconf 77' lang='lat' dir='ltr'>animi—223.</span> <span class='ocrx_word' id='word_1_361' title='bbox 675 4142 752 4190; x_wconf 80' lang='lat' dir='ltr'>lumine</span> <span class='ocrx_word' id='word_1_362' title='bbox 768 4140 796 4188; x_wconf 84' lang='lat' dir='ltr'>ab</span> <span class='ocrx_word' id='word_1_363' title='bbox 815 4140 856 4205; x_wconf 77' lang='lat' dir='ltr'>ipso</span> <span class='ocrx_word' id='word_1_364' title='bbox 875 4137 941 4187; x_wconf 77' lang='lat' dir='ltr'>Voff.</span> <span class='ocrx_word' id='word_1_365' title='bbox 958 4150 982 4187; x_wconf 90' lang='lat' dir='ltr'>et</span> <span class='ocrx_word' id='word_1_366' title='bbox 1002 4143 1206 4201; x_wconf 49' lang='lat' dir='ltr'>reove-224.</span> 
     </span>
     <span class='ocr_line' id='line_1_40' title="bbox 231 4205 1208 4284; baseline 0.009 -24"><span class='ocrx_word' id='word_1_367' title='bbox 231 4205 337 4277; x_wconf 72' lang='lat' dir='ltr'>Scaliger</span> <span class='ocrx_word' id='word_1_368' title='bbox 348 4214 413 4261; x_wconf 70' lang='lat' dir='ltr'>redte</span> <span class='ocrx_word' id='word_1_369' title='bbox 426 4210 564 4265; x_wconf 76' lang='lat' dir='ltr'>concinnius</span> <span class='ocrx_word' id='word_1_370' title='bbox 575 4228 661 4281; x_wconf 81' lang='lat' dir='ltr'>putat:</span> <span class='ocrx_word' id='word_1_371' title='bbox 678 4220 775 4266; x_wconf 76' lang='lat' dir='ltr'>Praenia</span> <span class='ocrx_word' id='word_1_372' title='bbox 787 4216 824 4265; x_wconf 77' lang='lat' dir='ltr'>ubi</span> <span class='ocrx_word' id='word_1_373' title='bbox 831 4219 941 4282; x_wconf 77' lang='lat' dir='ltr'>pietatis?</span> <span class='ocrx_word' id='word_1_374' title='bbox 957 4218 994 4265; x_wconf 82' lang='lat' dir='ltr'>ubi</span> <span class='ocrx_word' id='word_1_375' title='bbox 1005 4222 1092 4284; x_wconf 77' lang='lat' dir='ltr'>pietatis</span> <span class='ocrx_word' id='word_1_376' title='bbox 1102 4222 1208 4269; x_wconf 70' lang='lat' dir='ltr'>honora?</span> 
     </span>
     <span class='ocr_line' id='line_1_41' title="bbox 232 4289 1210 4360; baseline 0.012 -25"><span class='ocrx_word' id='word_1_377' title='bbox 232 4289 259 4335; x_wconf 78' lang='lat' dir='ltr'>{a</span> <span class='ocrx_word' id='word_1_378' title='bbox 267 4306 342 4337; x_wconf 78' lang='lat' dir='ltr'>venat</span> <span class='ocrx_word' id='word_1_379' title='bbox 352 4290 423 4337; x_wconf 82' lang='lat' dir='ltr'>abiere</span> <span class='ocrx_word' id='word_1_380' title='bbox 433 4292 502 4339; x_wconf 82' lang='lat' dir='ltr'>vices.</span> <span class='ocrx_word' id='word_1_381' title='bbox 534 4292 665 4341; x_wconf 77' lang='lat' dir='ltr'>Menifeste</span> <span class='ocrx_word' id='word_1_382' title='bbox 676 4290 780 4341; x_wconf 86' lang='lat' dir='ltr'>imitatio</span> <span class='ocrx_word' id='word_1_383' title='bbox 790 4291 922 4356; x_wconf 79' lang='lat' dir='ltr'>virgiliani</span> <span class='ocrx_word' id='word_1_384' title='bbox 932 4293 1013 4343; x_wconf 77' lang='lat' dir='ltr'>versut</span> <span class='ocrx_word' id='word_1_385' title='bbox 1024 4311 1052 4342; x_wconf 89' lang='lat' dir='ltr'>ex</span> <span class='ocrx_word' id='word_1_386' title='bbox 1063 4312 1100 4360; x_wconf 83' lang='lat' dir='ltr'>pr.</span> <span class='ocrx_word' id='word_1_387' title='bbox 1108 4295 1210 4347; x_wconf 79' lang='lat' dir='ltr'>AEneid.</span> 
     </span>
     <span class='ocr_line' id='line_1_42' title="bbox 231 4366 1213 4437; baseline 0.007 -25"><span class='ocrx_word' id='word_1_388' title='bbox 231 4366 274 4412; x_wconf 83' lang='lat' dir='ltr'>Hic</span> <span class='ocrx_word' id='word_1_389' title='bbox 284 4366 373 4430; x_wconf 79' lang='lat' dir='ltr'>pietatis</span> <span class='ocrx_word' id='word_1_390' title='bbox 383 4366 468 4415; x_wconf 66' lang='lat' dir='ltr'>enter</span> <span class='ocrx_word' id='word_1_391' title='bbox 486 4376 532 4417; x_wconf 85' lang='lat' dir='ltr'>etc.</span> <span class='ocrx_word' id='word_1_392' title='bbox 551 4370 572 4418; x_wconf 84' lang='lat' dir='ltr'>in</span> <span class='ocrx_word' id='word_1_393' title='bbox 587 4382 660 4418; x_wconf 74' lang='lat' dir='ltr'>venet</span> <span class='ocrx_word' id='word_1_394' title='bbox 677 4371 737 4416; x_wconf 78' lang='lat' dir='ltr'>otcee</span> <span class='ocrx_word' id='word_1_395' title='bbox 757 4366 881 4437; x_wconf 75' lang='lat' dir='ltr'>eleganter</span> <span class='ocrx_word' id='word_1_396' title='bbox 892 4382 946 4435; x_wconf 80' lang='lat' dir='ltr'>pro,</span> <span class='ocrx_word' id='word_1_397' title='bbox 964 4369 989 4419; x_wconf 90' lang='lat' dir='ltr'>in</span> <span class='ocrx_word' id='word_1_398' title='bbox 1011 4373 1108 4422; x_wconf 71' lang='lat' dir='ltr'>vanum.</span> <span class='ocrx_word' id='word_1_399' title='bbox 1140 4371 1213 4419; x_wconf 82' lang='lat' dir='ltr'>Vicee</span> 
     </span>
    </p>

    <p class='ocr_par' dir='ltr' id='par_1_7' title="bbox 669 4440 1215 4510">
     <span class='ocr_line' id='line_1_43' title="bbox 669 4440 1215 4510; baseline 0.004 -18"><span class='ocrx_word' id='word_1_400' title='bbox 669 4440 717 4493; x_wconf 69' lang='lat' dir='ltr'>dt</span> <span class='ocrx_word' id='word_1_401' title='bbox 1119 4444 1215 4510; x_wconf 71' lang='lat' dir='ltr'>luill&#39;eqt</span> 
     </span>
    </p>
   </div>
   <div class='ocr_carea' id='block_1_4' title="bbox 0 0 1623 5200">
    <p class='ocr_par' dir='ltr' id='par_1_8' title="bbox 0 0 1623 5200">
     <span class='ocr_line' id='line_1_44' title="bbox 0 0 1623 5200; baseline 0 0"><span class='ocrx_word' id='word_1_402' title='bbox 0 0 1623 5200; x_wconf 95' lang='lat' dir='ltr'> </span> 
     </span>
    </p>
   </div>
  </div>
 </body>
</html>
