3225 5200
388 559 456 650 198·
516 551 556 623 P.
594 511 880 623 virumn
929 543 1225 620 Manours

419 747 611 821 Certatim
628 748 722 820 divae
737 769 884 819 munere
895 767 1047 842 quaeque
1063 743 1137 818 suo.

332 876 338 888 ’
389 879 544 953 Felicem
561 897 641 952 ante
656 879 741 953 alias
758 897 857 952 tanto
873 876 1043 974 scriptore
1059 875 1240 973 puellam!

436 1015 540 1094 Alter
554 1042 626 1090 non
642 1015 775 1100 samam
792 1016 923 1090 dixerit
940 1016 1015 1112 ipse
1031 1016 1142 1113 prior.

388 1149 472 1222 Non
485 1153 555 1238 illa,
568 1151 812 1246 Hesperidum
827 1151 865 1222 ni
881 1174 1027 1226 munere
1039 1167 1143 1246 capta
1157 1151 1283 1244 fuilset,
1320 1177 1339 1230 2
1344 1176 1364 1254 5

437 1287 532 1384 Qae
549 1287 731 1362 uolucrem
749 1284 853 1358 cur'su
866 1286 999 1360 vicerat
1015 1285 1311 1383 Hippomenem3

390 1421 549 1494 Candida
565 1447 698 1516 cycneo
715 1445 787 1493 non
804 1422 899 1494 edita
917 1421 1093 1515 Tyndaris
1110 1447 1180 1494 ovo
1189 1459 1200 1506 ς

438 1560 520 1628 Non
538 1554 661 1651 supero
679 1555 818 1652 fulgens
837 1553 1015 1650 Caffiopea
1031 1555 1138 1650 polo:

386 1689 471 1763 Non
489 1689 628 1762 defensa
644 1690 705 1762 diu
722 1691 909 1763 volucrum
927 1692 1121 1763 certamine
1135 1715 1320 1788 equorum,

438 1821 623 1917 Optabant
640 1821 759 1894 Graiae
775 1846 884 1918 quam
901 1822 966 1894 fibi
979 1845 1132 1917 quaeque
1147 1845 1291 1906 manue,
1318 1843 1368 1915 30

387 1957 489 2052 Saepe
504 1957 659 2030 animam
676 1956 797 2051 generi
813 1981 880 2051 pro
895 1981 964 2050 qua
978 1973 1079 2052 pater
1094 1955 1211 2050 inpius
1229 1955 1366 2038 haufit;
1390 2003 1394 2006 -

438 2093 539 2187 Saepe
552 2091 660 2162 rubro
676 2090 773 2162 Eleis
789 2090 956 2187 sanguiue
975 2089 1076 2161 duxit
1092 2089 1222 2162 humus
1231 2125 1243 2173 ;

388 2223 501 2322 Regia
516 2247 586 2294 non
604 2221 754 2308 Semele,
772 2247 841 2292 non
861 2221 1001 2292 lnachis
1018 2222 1212 2310 Acrifione,

435 2355 576 2432 Inmitti
592 2355 792 2450 exspectant
811 2355 972 2441 fulmine,
989 2374 1024 2428 et
1040 2356 1171 2446 imbre,
1190 2357 1341 2452 Jovenr:

386 2555 430 2613 cia
451 2555 499 2613 illa
518 2555 582 2624 fuit,
609 2553 697 2613 Servii
722 2553 787 2612 filia.
821 2574 849 2615 v.
937 2574 1060 2631 29-32·
1102 2556 1146 2614 De
1166 2555 1367 2635 Hippodamia,

286 2648 288 2653 ·
387 2632 492 2691 Tibull.
512 2635 629 2695 nostrum
642 2632 672 2691 in
694 2632 750 2688 vita
771 2646 797 2687 et
815 2632 849 2687 ad
897 2632 1027 2690 OEnomai
1050 2634 1117 2701 filia,
1140 2633 1187 2710 qui
1207 2653 1253 2693 rex
1276 2636 1368 2695 Elidis

385 2708 434 2767 lib.
448 2710 502 2777 1V,
524 2708 566 2768 El.
581 2704 608 2769 z}
648 2710 681 2765 In
695 2707 747 2764 fine
760 2708 852 2764 versus
897 2725 971 2779 erat,
989 2709 1061 2768 unde
1081 2712 1191 2767 Eleidem
1211 2728 1305 2771 terram
1324 2714 1364 2771 vs.

386 2810 502 2845 -orrenes
524 2787 624 2844 heroida
637 2789 696 2841 divi
706 2784 850 2863 legendum
900 2805 934 2858 32
969 2786 1058 2855 dixit3
1091 2788 1197 2845 tandem
1224 2808 1240 2845 a
1268 2788 1366 2869 Pelope

386 2864 446 2931 esse,
479 2862 646 2921 manifestum
673 2861 717 2917 est.
758 2861 850 2918 Moni-
899 2862 987 2919 curuli
1030 2864 1178 2923 certamine
1218 2864 1366 2943 superatus.

385 2937 849 3017 tumquoquearitisdoiiisaid.
898 2940 999 3026 drsensa
1023 2940 1090 3017 quid
1123 2940 1171 2998 fibi
1198 2941 1275 3011 velit,
1308 2964 1367 3005 non

385 3015 531 3075 Burmann.
898 3016 1026 3073 dnrerunt
1048 3018 1101 3073 viri
1127 3017 1218 3087 doeti;
1238 3039 1272 3075 au
1297 3015 1389 3099 qua.'

426 3115 473 3170 24.
494 3093 577 3151 Varie
607 3106 720 3149 tentatus
750 3091 847 3150 versus.
899 3104 975 3149 tenus
1001 3094 1156 3151 certaminis
1180 3096 1224 3151 lex
1251 3096 1364 3157 interce-

386 3169 523 3231 Sententia
549 3172 577 3227 in
603 3171 695 3249 aprico
710 3169 763 3225 est:
785 3169 852 3227 Non
898 3168 991 3234 debat,
1009 3190 1042 3227 ne
1055 3170 1132 3249 proci
1145 3190 1203 3229 earn
1221 3175 1367 3253 conjugem

386 3248 465 3307 aliam
495 3249 610 3323 puellam
636 3249 708 3305 fama
733 3245 850 3321 priorem
898 3243 1016 3313 serrent;
1036 3267 1070 3304 an
1096 3247 1150 3305 fuit
1173 3252 1299 3309 detenta?
1316 3254 1366 3310 de·

385 3326 445 3382 elle.
487 3325 610 3383 Proxime
636 3326 669 3380 ad
697 3338 850 3397 corruptam
900 3322 1034 3380 tinebatur
1047 3324 1120 3381 enim
1133 3326 1290 3395 certamine,
1309 3348 1365 3407 quo

386 3397 527 3459 leelio'nem
570 3402 676 3458 accedit
718 3398 850 3456 Munkeri
898 3398 987 3455 miuus
1017 3402 1093 3475 proci
1130 3420 1162 3457 ea
1201 3403 1367 3479 potirentur.

386 3480 556 3535 emendatio:
590 3480 680 3545 Altera
704 3500 751 3536 nen
769 3481 851 3552 sama
897 3473 968 3531 Mox
1001 3478 1093 3536 Graiae
1128 3501 1227 3546 manus,
1253 3480 1367 3555 juvenes

384 3558 478 3612 dr'rrerr't
503 3560 546 3631 effi
560 3564 648 3630 prior:
670 3572 715 3630 per
740 3552 848 3627 graecis·
896 3551 983 3625 proci.
1033 3575 1080 3627 31·
1103 3566 1201 3631 generi,
1222 3556 1250 3615 h.
1274 3558 1293 3616 l.
1313 3579 1366 3637 pro

358 3645 468 3691 'mum
508 3629 685 3707 Simplicitate
704 3648 811 3706 quoque
823 3628 849 3683 se
896 3647 999 3703 proco:
1033 3647 1063 3689 ut
1093 3630 1169 3709 saepe.
1201 3632 1261 3691 vid.
1295 3634 1366 3695 Bur.

385 3710 567 3777 commendat,
601 3707 672 3783 quod
706 3726 765 3763 raro
790 3705 849 3761 fieri
897 3723 988 3764 mann.

383 3789 461 3854 solet,
479 3783 597 3843 Salmasri
611 3784 781 3858 conjedluta:
801 3782 850 3839 Al·
937 3800 982 3857 34„
1011 3793 1150 3859 expellant.
1197 3787 1368 3851 Adversatur

384 3886 439 3924 tera
461 3864 519 3921 arm
534 3868 615 3941 fama
633 3870 683 3917 vix
703 3870 751 3919 erit
773 3861 850 3937 estque
897 3857 950 3915 hoc
977 3860 1107 3917 orationis
1131 3862 1264 3921 decursui.
1305 3864 1367 3925 Effe

287 3980 288 3990 ,
378 3954 449 4023 prior
457 3964 465 4009 ;
487 3940 535 3995 nisi
548 3939 620 4018 quod
634 3940 700 4012 estve
712 3938 814 3995 malim.
897 3935 1012 3992 debebat
1031 3948 1196 4013 experientes.
1235 3939 1300 4000 Nec
1319 3965 1367 4001 ex.

290 4017 293 4028 “
426 4042 470 4097 25·
493 4018 539 4076 26.
563 4016 702 4077 Atalanta,
727 4034 787 4089 quae
807 4012 848 4069 ri·
891 4021 996 4087 pellam
1027 4012 1089 4073 satis
1116 4018 1366 4083 accommodatum.

383 4096 455 4153 ciffet
465 4108 492 4149 et
505 4092 581 4149 cursu
596 4092 748 4168 superatura
761 4090 850 4147 fuiffet
897 4088 991 4163 Itaque
1008 4090 1119 4167 praefero
1131 4093 1261 4169 Scaligeri
1273 4114 1366 4153 ernen-

383 4170 595 4248 Hippomenem,
613 4167 662 4223 nifi
673 4186 755 4244 pomo
768 4187 849 4226 aureo
896 4166 1034 4227 dationem
1053 4184 1180 4244 expertae3
1200 4187 1230 4228 ut
1242 4172 1294 4230 fit:
1316 4172 1366 4232 Se-

384 4252 414 4309 in
426 4246 546 4309 fraudem
560 4244 674 4306 adduda
686 4242 784 4307 fuiffet'.
896 4244 964 4301 mele
976 4260 1003 4303 et
1017 4244 1124 4315 Danae,
1132 4262 1253 4325 expenae,
1264 4250 1367 4326 Jovenr

1249 4328 1367 4407 fulmr'rre
