3225 5200
392 516 441 619 9⁶
674 495 1094 576 Pnocnnuunr

393 728 468 785 rare
501 702 669 803 potuerit.
725 700 836 788 Nam,
866 697 966 796 quod
997 696 1145 773 Gallum
1176 694 1374 792 Epicureae

392 829 632 934 philosophiae
663 848 810 923 operam
849 822 982 897 dedille
1021 844 1116 894 nunc
1154 820 1373 917 ignoramus,

391 955 524 1031 morari
552 950 666 1051 potest
693 948 888 1037 neminem,
919 946 1009 1042 quin
1036 942 1238 1018 affentiatur
1270 942 1374 1017 Praes

391 1082 460 1159 suli
493 1076 708 1179 dignissimo.
764 1073 928 1172 Superest
962 1070 1086 1167 igitur,
1111 1086 1153 1142 ut
1178 1067 1296 1177 versus
1322 1061 1372 1137 il.
1427 1053 1431 1058 ¹

392 1210 448 1284 los
493 1206 620 1281 seriore
654 1216 759 1275 aetate
791 1200 838 1272 ab
877 1195 1144 1291 interpolatrice
1182 1217 1291 1267 manu
1331 1190 1373 1264 iu

315 1343 317 1351 ’
391 1332 472 1407 loca
497 1327 558 1399 illa
577 1320 704 1397 inserta
730 1317 797 1392 else
822 1318 1003 1399 dicamus;
1028 1314 1124 1412 quod
1140 1334 1206 1387 nec
1231 1312 1373 1409 impro-

389 1452 512 1527 babile
523 1450 578 1523 fit.

442 1574 518 1675 Qi
538 1572 695 1645 Catullum
711 1592 779 1665 pro
788 1566 941 1639 'auctore
956 1564 1123 1639 carminis
1149 1566 1301 1641 habuere
1317 1569 1372 1662 (in
1448 1574 1450 1578 ’

393 1696 522 1797 quibus
534 1691 684 1790 Eglinus
700 1688 780 1776 suit,
802 1684 902 1783 cujus
916 1686 1069 1757 Vindiciae
1082 1686 1168 1758 Ciris
1185 1688 1373 1763 Catullianae

393 1820 506 1905 sunt),
535 1810 827 1912 quandoquidem
853 1832 938 1881 cum
950 1808 1194 1906 Epithalamio
1208 1810 1372 1885 Thetidis

394 1960 433 2015 et
451 1939 548 2013 Pelei
561 1934 730 2011 nonnulla
755 1932 854 2029 polle
876 1931 1075 2027 comparari
1100 1931 1278 2020 videbant,
1301 1958 1374 2009 non

395 2061 729 2145 animadverterunt,
755 2054 927 2143 Meffalat‚
948 2054 1186 2153 cuiinscripta
1201 2056 1251 2128 est
1269 2057 1374 2146 Ciris,

396 2202 501 2261 aetate
517 2180 697 2255 serefelli:
732 2202 816 2249 nam
842 2178 1020 2273 ispaucos
1036 2196 1117 2250 ante
1139 2179 1271 2252 Catulli
1291 2179 1373 2253 obi.

394 2328 475 2383 tum
491 2327 601 2379 annos
616 2317 716 2373 natus
731 2300 791 2371 est.
844 2299 913 2372 Sed
925 2318 961 2371 et
972 2300 1049 2371 haec
1064 2316 1227 2373 accurate
1242 2302 1370 2375 tratia-

393 2430 447 2501 vit
464 2422 678 2499 Fontaninus
689 2420 714 2492 1.
725 2444 757 2493 c.
775 2444 857 2519 pag.
869 2440 929 2514 33.
947 2420 1008 2513 36.
1060 2420 1144 2519 Qu
1159 2440 1372 2519 argumento

398 2550 557 2626 Valerium
575 2544 718 2616 Catonem
735 2540 828 2615 Ciris
854 2540 1032 2616 auctorem
1057 2542 1207 2618 ediderit
1229 2544 1373 2620 Delrius

394 2674 434 2746 in
448 2671 652 2743 Comment.
668 2664 714 2736 ad
731 2663 912 2750 Senecam,
938 2688 981 2735 ex
997 2660 1072 2759 ejus
1087 2666 1202 2738 verbis
1219 2665 1374 2765 intelligi

396 2791 533 2889 nequit.
586 2785 866 2884 Quodsrtamen
882 2785 1076 2884 Virgilium
1088 2788 1268 2860 audiorem
1279 2787 1374 2862 Ciris

396 2915 567 3010 adoptare
582 2933 667 2981 cum
682 2908 862 3006 Scaligero
878 2927 914 2980 et
924 2906 1002 2981 aliis
1015 2911 1146 2983 *malit
1154 2911 1293 3008 aliquis,
1301 2937 1376 2986 non

397 3061 519 3116 tamen
546 3058 631 3110 cum
660 3035 787 3107 eodem
807 3035 984 3134 Scaligero
1009 3034 1297 3108 comminiscetur
1321 3054 1378 3110 tot

396 3163 477 3250 alia,
498 3183 582 3258 quae
593 3157 948 3255 probationeidonea-
959 3154 1214 3232 destituuntur:
1250 3160 1376 3252 paullo

397 3301 479 3356 ante
492 3299 648 3356 mortem
664 3281 774 3372 suam,
797 3298 834 3352 et
846 3280 996 3352 Athenis
1013 3296 1073 3350 aut
1089 3276 1178 3350 adeo
1200 3271 1378 3374 Megaris,

398 3403 596 3502 Virgilium
612 3403 679 3472 hoc
696 3423 840 3474 carmen
854 3398 1106 3496 composuille:
1131 3395 1192 3468 etfi
1202 3397 1282 3495 jam
1293 3384 1377 3476 tum

398 3553 484 3604 cum
497 3525 595 3598 Cirin
608 3525 785 3612 scriberet,
793 3525 913 3604 auctor
928 3505 1095 3595 carminis
1111 3513 1282 3596 nonnulla
1295 3550 1376 3604 car..

399 3650 498 3724 mine
513 3645 548 3722 le
563 3642 729 3732 traetaffe,
746 3662 793 3732 et,
809 3667 895 3717 cum
911 3643 1017 3716 famae
1033 3644 1236 3741 poeniteret‚
1251 3645 1294 3722 iis
1310 3651 1377 3722 de.

1251 3772 1376 3869 pofitis
1414 3828 1417 3834 -
1501 3799 1506 3808 ·

437 3969 455 4003 “
476 3968 574 4048 Nuper
584 3990 692 4050 quoque
703 3970 749 4049 Jo.
764 3969 863 4030 Schra-
893 3934 988 4029 ‘docte
995 3970 1120 4034 adversus
1131 3969 1207 4033 Galli
1216 3988 1312 4029 nomen
1319 3969 1374 4028 dis-

402 4048 480 4103 derus
503 4047 645 4110 Emendat.
667 4070 692 4108 c.
709 4069 724 4124 3
748 4069 811 4138 pag.
826 4069 859 4124 3¹
908 4063 986 4183 fftat
996 4070 1024 4126 p.
1039 4051 1089 4126 48,
1101 4063 1128 4106 et
1139 4046 1265 4104 adversus
1277 4046 1373 4104 Catul-

400 4122 524 4198 Virgilio
535 4123 614 4182 Cirin
625 4126 793 4195 vindicante
813 4145 862 4185 nec
938 4146 965 4182 m
984 4127 1118 4184 auderem
1137 4144 1165 4200 p.
1186 4124 1236 4196 46,
1255 4123 1375 4202 Scalige-

400 4217 489 4258 tamen
509 4197 532 4255 is
553 4202 718 4287 argumentis
729 4203 864 4280 graviori·
910 4223 970 4263 rum
983 4218 1073 4263 autem
1087 4197 1186 4266 refellit
1198 4220 1227 4278 p·
1241 4221 1288 4278 41·

400 4277 618 4352 bur,quamalri‚
630 4277 761 4339 suffultus.
785 4279 864 4339 Idem
