3225 5200
414 575 458 651 ρ
564 555 603 627 Ρ.
637 549 916 626 v1RG1n11
950 543 1242 631 Mnnoruu

414 755 457 826 In
475 778 578 826 vanas
595 756 708 828 abiere
725 759 843 828 vices:
868 773 902 828 et
918 779 996 827 rure
1011 755 1143 828 receffit
1318 758 1391 845 πᾶς

414 886 567 977 Justitiae
584 890 681 982 prior
697 889 757 960 illa
773 888 880 969 fides;
906 887 1067 959 instantia
1082 887 1158 959 vidi

413 1017 583 1105 Alterius,
600 1016 672 1088 fine
690 1016 846 1113 respecstu
864 1037 943 1084 mea
960 1012 1032 1084 fata
1046 1013 1245 1107 relinquens
1260 1039 1275 1084 :›

414 1149 473 1220 Ad
492 1148 617 1244 pariles
633 1171 719 1246 agor
735 1160 902 1225 eventus3
929 1143 971 1214 fit
987 1167 1096 1238 poena
1113 1145 1284 1227 merenti3

414 1282 527 1355 Poena
542 1279 582 1354 fit
606 1281 776 1360 exitium
804 1276 911 1348 modo
930 1273 972 1346 fir
987 1275 1073 1346 dum
1089 1293 1189 1371 grata
1205 1274 1393 1347 voluntas}

413 1421 551 1493 Existat
567 1442 630 1514 par
646 1415 825 1489 officium!
863 1414 971 1484 Feror
986 1412 1065 1482 avia
1081 1435 1238 1506 carpens,
1320 1431 1392 1503 230

412 1531 508 1626 Avia
528 1552 740 1624 Cimmerios
759 1551 851 1622 inter
866 1543 1030 1618 distantia
1045 1544 1166 1615 lucos:

414 1688 535 1785 Qem
553 1684 648 1755 circa
663 1681 775 1753 tristes
791 1677 979 1750 densentur
994 1679 1035 1748 in
1045 1677 1166 1748 omnia
1181 1701 1314 1773 poenae.

415 1875 512 1928 fuiffent
523 1881 547 1930 in
559 1882 720 1932 retribuendo.
755 1893 775 1928 et
793 1897 851 1935 rure,
869 1877 894 1926 h.
914 1892 934 1926 e.
954 1875 1001 1924 heu
1020 1875 1094 1924 etiam
1113 1876 1177 1924 inter
1195 1876 1309 1925 ruricolas
1323 1874 1396 1934 abiit,

414 1957 515 2016 reeeffit,
525 1960 624 2024 Justitiae
632 1959 699 2023 fider,
711 1968 794 2004 ornate
803 1953 958 2018 projnstitia=
975 1953 1014 2000 sed
1026 1953 1051 2000 in
1062 1952 1192 2012 reddendo,
1208 1953 1273 2017 quod
1284 1952 1396 2009 debetur,

415 2029 474 2082 fides
486 2037 598 2084 cernitur.
618 2035 648 2084 cf.
674 2035 719 2083 Ge.
732 2035 762 2092 11,
779 2045 836 2092 473.
855 2044 910 2090 474.
944 2027 1008 2077 Male
1026 2030 1114 2077 Aldina
1134 2045 1153 2078 er
1166 2029 1217 2093 jure
1238 2046 1293 2077 cum
1304 2031 1392 2076 Petav.

415 2119 440 2156 et
453 2106 518 2159 Voss.
551 2115 666 2178 iterumque
675 2111 751 2177 receffit
771 2108 832 2171 conj.
853 2106 1058 2155 Heni—226.
1076 2108 1140 2155 Bene
1152 2123 1206 2154 eum
1217 2110 1255 2171 Jo.
1266 2106 1390 2155 Schrader.

415 2185 502 2248 Jacobs
513 2202 559 2234 em.
578 2187 670 2252 Justit'ia
683 2199 703 2234 et
716 2188 775 2251 prior
787 2184 825 2230 illa
837 2183 909 2230 Fides.
943 2185 1029 2229 Moxt
1046 2185 1093 2230 vici
1110 2181 1149 2229 vel
1166 2183 1229 2230 adivi
1245 2183 1393 2230 Heius.—

415 2261 472 2311 228.
489 2259 544 2327 Jam
555 2263 584 2310 ab
596 2262 633 2310 hie
644 2261 698 2308 inde
716 2259 793 2316 verff„
804 2275 857 2320 quae
869 2257 1011 2321 sequunturr
1027 2259 1088 2306 meri
1102 2259 1156 2307 sunt
1177 2259 1239 2306 lusus
1250 2253 1395 2306 verfifieato·

415 2352 489 2385 rum:
517 2339 542 2385 in
566 2337 650 2400 quibus
671 2341 752 2384 tarr'ren
773 2333 840 2380 dour
859 2332 969 2379 homiues
985 2333 1061 2383 fuere,
1086 2333 1185 2398 fie-fir.
1218 2335 1322 2398 Scaliger
1339 2333 1394 2382 haee

417 2423 530 2475 corrupta
546 2413 674 2460 arbitratus
693 2409 823 2458 emendat:
833 2409 867 2472 stt
881 2421 948 2473 poena
964 2412 1065 2458 merenti.-
1082 2409 1150 2456 Poena
1157 2412 1192 2473 ste
1207 2413 1311 2468 exitium
1327 2411 1392 2465 modo,

367 2533 370 2537 .
409 2488 435 2548 fi
451 2500 483 2534 cut
496 2500 564 2551 grata
575 2489 683 2544 voluntas,
699 2486 786 2550 Exssat
798 2498 844 2550 par
854 2483 949 2549 efficium.
981 2483 1084 2531 Retineo
1102 2484 1186 2532 saltem
1202 2484 1278 2533 illud:
1295 2489 1351 2533 modo
1357 2485 1392 2550 fir

416 2559 479 2619 dumr
499 2561 542 2609 nisi
554 2562 636 2609 maiis:
654 2563 769 2611 medodum
778 2563 819 2627 fir,
836 2577 880 2625 pro
897 2561 955 2608 dum
973 2560 1046 2609 modo
1066 2560 1094 2609 fit
1109 2575 1176 2627 grata
1194 2561 1294 2609 voluntas
1313 2574 1333 2609 et
1349 2575 1395 2637 par¹

415 2634 512 2705 ficium,
522 2639 550 2685 se.
564 2651 590 2686 ut
602 2638 744 2687 memoriam
756 2637 846 2685 Culicis
857 2649 940 2699 gratus
954 2636 1026 2684 colat.
1060 2638 1157 2683 Poterat
1174 2648 1255 2685 tamen
1274 2649 1298 2685 et
1319 2638 1394 2696 ferri;

406 2715 441 2775 fir
453 2725 520 2777 poena
531 2717 629 2771 »κινητὴ
645 2713 669 2760 h.
687 2712 748 2758 mihi
764 2712 825 2759 bene
837 2712 953 2769 merenti3
969 2714 1040 2760 Pana
1049 2714 1082 2776 fit
1101 2716 1203 2770 exitium
1217 2712 1243 2759 h.
1263 2730 1285 2760 e.
1305 2727 1329 2761 et
1341 2729 1392 2778 ‘pro

415 2803 495 2853 poena,
516 2789 633 2847 mercede,
652 2788 751 2837 exitium
769 2789 895 2852 infligitur.
932 2791 994 2854 Qae
1011 2788 1141 2851 sequuntur
1153 2789 1236 2854 putida
1248 2791 1308 2840 suun
1341 2791 1393 2838 Ta-

415 2863 464 2911 ceri
475 2862 513 2909 hic
526 2862 640 2909 nonnulla
651 2875 721 2927 puta=
743 2878 793 2911 tum
805 2864 900 2927 pergit:
919 2863 947 2910 sit
958 2865 1007 2911 ita:
1025 2864 1081 2911 modo
1089 2866 1122 2928 fir
1131 2866 1180 2912 dum
1192 2876 1237 2913 etc.
1249 2868 1311 2927 (cum
1320 2884 1344 2931 g.
1360 2888 1391 2916 v.

416 2948 477 2987 vett.
494 2937 559 3002 edd.)
572 2938 629 2985 dum
641 2939 712 2985 modo
724 2938 752 2986 fit
772 2949 840 3002 grata
850 2939 973 2987 voluntas!
992 2938 1050 2986 dum
1061 2941 1134 2987 modo
1145 2939 1250 2988 officium
1262 2958 1305 3006 par
1319 2941 1393 2991 bene·

415 3014 470 3061 ficio
484 3030 538 3062 meo
551 3015 646 3064 existat!
666 3016 757 3063 habebo
769 3016 815 3063 hoc
828 3030 871 3078 pro
882 3014 973 3064 solutio.
998 3016 1083 3063 Paullo
1095 3029 1150 3064 ante
1161 3017 1224 3064 male
1235 3018 1395 3080 interpunge·'

415 3092 486 3141 batur
497 3092 566 3157 plene
578 3093 629 3157 post
642 3094 769 3159 relinquens.
803 3093 867 3139 Nam
880 3092 925 3139 hoc
937 3092 1065 3155 significate
1082 3095 1131 3142 vidi
1146 3096 1233 3142 alterius
1242 3096 1301 3159 fara
1316 3096 1394 3158 ussau-

416 3170 465 3217 ria:
484 3180 537 3216 tum
553 3186 599 3233 ego
610 3167 733 3226 measure,
750 3168 806 3215 vitae
819 3184 879 3215 meae
899 3167 1041 3231 periculum,
1059 3170 1185 3235 relinquens,
1202 3168 1333 3233 negligens,
1343 3173 1393 3232 stne

415 3246 508 3311 respeHu
519 3263 572 3309 agor
582 3245 614 3292 ad
624 3257 649 3309 p.
670 3263 698 3302 e.‚
715 3244 746 3291 ad
757 3244 857 3290 eundem
875 3255 978 3290 mortem
989 3244 1129 3307 praesentem
1141 3258 1251 3307 propero.
1284 3246 1394 3309 Interpo.

321 3323 324 3331 ’
414 3320 498 3369 latoris
508 3332 589 3367 tamen
602 3334 700 3366 manum
717 3319 790 3366 etiam
811 3319 835 3365 in
852 3330 906 3366 tcto
923 3317 1119 3381 loeo-agnoscere
1131 3317 1200 3365 facile
1211 3318 1253 3367 est,
1288 3319 1359 3367 Forte
1377 3339 1392 3369 a

414 3404 490 3462 poeta
501 3396 609 3461 prosena
625 3396 679 3443 sunt
697 3407 791 3445 tantum
807 3396 864 3443 illa:
890 3396 981 3460 Justitia
998 3409 1018 3442 et
1030 3399 1091 3460 prirr
1110 3397 1147 3441 illa
1167 3396 1229 3443 mdes
1239 3397 1249 3443 l
1260 3395 1324 3458 feror
1335 3401 1391 3445 avia

414 3472 737 3539 carpens.—231.l‘arum
760 3472 863 3518 suaviter
883 3470 945 3517 haec:
963 3474 1019 3518 avia
1035 3471 1133 3536 dssantia
1152 3474 1205 3518 inter
1222 3472 1284 3519 lucos.
1319 3473 1391 3522 Unde

414 3548 458 3597 inf.
477 3546 523 3606 258
536 3551 601 3611 margis
614 3548 711 3611 distantia
722 3548 925 3606 limine—232.
944 3550 1014 3613 Qum
1026 3550 1090 3596 circa.
1123 3548 1203 3594 Etiam
1214 3547 1281 3594 hunc·
1297 3550 1394 3599 versum

413 3624 557 3690 ejiciendum
567 3623 657 3671 censeo.
690 3623 805 3673 Alienum
814 3620 858 3670 effe
870 3624 949 3688 arguit
959 3624 1217 3690 importuuajuueiura
1228 3636 1253 3673 et
1264 3624 1388 3676 strusturu.

1325 3704 1390 3752 Nam

454 3882 518 3936 230.
540 3861 584 3918 Ad
599 3861 757 3920 lucainferu
774 3863 878 3923 delatus
926 3864 1050 3929 naidum,
1081 3864 1199 3930 Medeae,
1232 3862 1390 3920 Philomelae

412 3956 525 4016 vagatur
537 3959 584 4015 per
595 3940 653 3997 avia
665 3940 787 3997 lucorum
799 3940 876 3999 Cim-
925 3960 953 3999 et
967 3942 1091 4007 Procnes,
1115 3939 1233 3998 Eteoelis
1258 3952 1284 3994 et
1308 3939 1393 4013 Poly.

412 4034 569 4080 merrorurn,
592 4037 657 4091 quos
670 4016 713 4075 hic
727 4016 755 4074 in
771 4020 879 4076 remotis
926 4019 1014 4093 uicis:
1035 4019 1069 4075 us
1086 4038 1117 4073 ue
1130 4018 1164 4074 ad
1178 4037 1204 4072 v.
1220 4036 1284 4091 259·
1323 4013 1397 4075 Inde

412 4091 482 4148 Orci
508 4092 628 4167 partibus
654 4094 742 4150 versus
766 4095 878 4152 Tartari
927 4097 960 4152 ad
974 4096 1055 4153 Sedes
1066 4040 1177 4152 iiorum
1188 4088 1323 4148 defertur:
1345 4092 1391 4149 sed

400 4166 506 4223 'limina
533 4168 656 4225 collocat.
704 4170 737 4227 In
760 4172 877 4229 Tartaro
925 4171 954 4227 in
966 4172 1062 4229 limine
1081 4170 1199 4245 Campos
1223 4166 1392 4243 Lugentium

411 4242 484 4300 enim
518 4244 705 4301 sceleratorum
744 4246 879 4325 supplicia
922 4244 1067 4324 prospicit:
1101 4246 1182 4321 inque
1207 4242 1242 4299 iis
1266 4243 1391 4302 heroidas

409 4318 560 4451 Erospicere
572 4319 666 4377 debuit
687 4322 790 4379 Culex:
814 4324 876 4390 Oti,
924 4323 1055 4388 Alcestin,
1085 4321 1247 4399 Penelupen,
1270 4319 1391 4399 Eurydi-

411 4405 414 4413 '
436 4396 555 4473 phialtae,
568 4394 661 4473 Tityi,
682 4398 805 4468 Tantali,
821 4401 877 4456 Da·
913 4420 984 4477 ¹cen.
1013 4396 1089 4478 seror
1097 4414 1212 4475 carpens,
1224 4416 1306 4475 carpo
1320 4390 1390 4455 auia.

1324 4481 1394 4550 238.
