3225 5200
427 578 506 636 ra,
722 523 1138 669 PROOEMIUM

425 773 467 824 ac
480 749 641 822 versuum
658 747 696 820 in
709 748 835 820 eodem
847 747 1004 819 carmine
1015 766 1050 820 et
1060 749 1192 821 variata
1204 773 1269 848 per
1279 754 1400 850 plures

418 868 573 991 'diversae
599 886 695 940 notae
722 866 837 941 versus
858 869 984 940 eadem
1009 867 1188 942 sententia.
1238 871 1400 973 Qod-,fi

424 1003 604 1061 teneatur:
632 988 735 1061 facile
753 1007 788 1060 et
805 991 980 1064 virtutum
1004 1009 1040 1062 et
1065 991 1236 1064 vitiorum
1263 994 1301 1065 in
1328 996 1399 1067 hoc

423 1115 580 1186 carmine
594 1095 721 1185 cauliae
736 1112 907 1211 explicari
924 1129 1069 1212 totaque
1094 1114 1169 1216 ejus
1196 1119 1286 1190 ratio
1309 1143 1398 1192 con-

424 1231 522 1306 ilitui
538 1235 664 1328 potest.

429 1387 432 1394 ·
472 1356 616 1429 Scilicet
639 1357 708 1429 fuit
731 1359 918 1430 doeiorum
933 1359 1124 1432 hominum
1141 1362 1233 1434 male
1257 1361 1401 1434 sedulo-

422 1503 518 1569 rum,
545 1479 802 1576 antiquioribus
829 1481 936 1552 etiam
960 1481 1109 1568 saeculis,
1132 1506 1222 1570 mos,
1246 1501 1285 1554 ut
1311 1507 1398 1555 cum

423 1603 623 1691 Ovidianis,
651 1621 729 1675 tum
756 1602 973 1697 Virgilianis‚
1001 1603 1056 1674 his
1083 1619 1203 1674 tamen
1230 1603 1398 1692 maxime,

422 1728 577 1824 versibus
595 1725 780 1811 variandis,
795 1726 962 1798 ornandis
979 1725 1036 1797 vel
1052 1726 1325 1821 amplificandis,
1340 1729 1399 1798 in-

337 1906 345 1926 ..
421 1829 571 1948 genium
587 1850 689 1921 suurn
706 1849 957 1943 experirentur.
985 1848 1105 1920 Multa
1121 1849 1200 1920 sunt
1209 1847 1272 1920 sub
1283 1849 1398 1922 Scho-

422 1969 625 2044 lasticorum
637 1969 782 2041 nomine
798 1971 837 2040 in
852 1969 1074 2067 Anthologia
1087 1970 1215 2044 Latina
1226 1977 1398 2062 carmina,

422 2077 567 2197 quibus,
600 2077 779 2170 interdum
811 2097 928 2170 decies
956 2097 1009 2169 v'el
1040 2097 1240 2186 duodecies,
1273 2100 1404 2171 eadem

421 2205 593 2296 sententia
612 2220 666 2290 vel
692 2219 790 2290 idem
816 2219 944 2290 versus·
958 2220 1123 2291 variatur.
1173 2221 1249 2294 Alii
1265 2224 1406 2308 thema,-

421 2347 520 2444 quod
539 2343 720 2425 vocabant,
744 2339 801 2412 seu
824 2359 1074 2435 argumentum
1096 2341 1227 2415 fabulae
1248 2346 1396 2441 alicujus

418 2465 464 2541 e'x
481 2467 633 2564 Virgilio
653 2466 708 2536 vel
733 2465 874 2536 aliunde
897 2464 1099 2538 desumtum
1115 2468 1269 2539 versibus
1285 2471 1396 2542 modo
1479 2518 1481 2522 >

421 2614 466 2665 ex
476 2591 628 2687 Virgilio
637 2588 883 2662 consarcinatis
893 2589 929 2661 in
942 2589 1110 2662 Centonis
1124 2616 1275 2679 morem,
1286 2592 1395 2664 modo

420 2720 466 2792 ad
498 2714 642 2811 Virgilii
680 2707 884 2809 exemplum
913 2714 1087 2803 formatis,
1125 2716 1393 2813 pertrabiarunt.

418 2822 509 2913 Sunt
525 2838 660 2910 veroin
678 2834 730 2906 his
755 2834 869 2905 multa
884 2860 953 2907 non
972 2836 1077 2906 malae
1100 2854 1196 2907 notae
1212 2838 1393 2921 carmina;
1450 2834 1453 2839 ’

384 3016 387 3023 «
417 2964 499 3037 sunt
522 2960 657 3058 fingula
681 2961 769 3047 loca,
795 2958 923 3055 finguli
947 2957 1065 3031 versus
1089 2958 1193 3031 docte
1213 2977 1249 3031 et
1273 2978 1394 3032 ornate

419 3086 516 3163 faui.
585 3084 777 3179 Comparet
803 3086 841 3157 u.
872 3107 905 3155 c.
932 3082 1059 3179 aliquis
1088 3083 1327 3155 narrationem
1349 3082 1394 3154 de

417 3208 592 3283 adulterio
609 3208 738 3279 Martis
751 3224 787 3279 et
802 3208 945 3281 Veneris
958 3206 1106 3279 Anthol.
1121 3206 1203 3277 Lat.
1216 3204 1257 3275 P.
1275 3205 1305 3291 I,
1321 3206 1390 3300 Ep.

322 3354 325 3361 ‘
418 3350 477 3427 72.
528 3330 613 3401 Non
621 3330 737 3403 defuit
748 3332 900 3419 homini,
914 3329 976 3425 qui
993 3329 1031 3399 id
1048 3326 1195 3422 scripfit,
1208 3326 1393 3421 ingenium

417 3434 483 3522 nec
505 3450 646 3547 poetica
662 3454 795 3524 oratio:
822 3452 938 3524 defuit
956 3448 1137 3547 judicium
1152 3447 1197 3517 ad
1216 3447 1392 3519 summam

416 3571 584 3645 carminis
593 3573 873 3647 constituendam
886 3589 921 3642 et
932 3571 977 3641 ad
987 3568 1241 3641 eliminandam
1250 3567 1393 3664 copiam

417 3693 567 3767 otiosam
583 3712 619 3765 et
641 3694 796 3769 inanem.
847 3693 954 3764 Adde
970 3691 1046 3762 ibid
1070 3691 1134 3763 lib.
1158 3691 1189 3778 l,
1209 3718 1265 3789 ep.
1291 3698 1334 3791 89
1357 3711 1392 3765 et

350 3846 351 3867 ¹
413 3818 460 3888 al.
494 3810 622 3889 'Ledlo
641 3814 759 3910 itaque
793 3812 939 3908 Virgilii
955 3812 1118 3884 ,carmine
1137 3811 1392 3907 adscripserunt

415 3938 454 4010 in
470 3922 630 4035 margine
655 3936 789 4011 codicis
803 3934 867 4007 lui
890 3935 928 4005 hi
955 3934 1116 4006 homines
1143 3958 1193 4019 ea,
1220 3953 1300 4026 quae
1325 3929 1391 4024 ipsr

415 4077 644 4147 tentaverant,
659 4061 702 4133 ad
720 4058 925 4131 variandam
940 4056 996 4127 vel
1012 4051 1301 4150 amplificandam
1313 4049 1393 4152 sen-

414 4186 564 4275 tentiam
576 4219 586 4267 3
612 4185 719 4279 idque
733 4183 899 4280 inprimis
915 4182 951 4252 in
967 4179 1164 4251 minoribus
1178 4176 1232 4246 his
1244 4172 1393 4270 Virgilii

412 4306 628 4383 carminibus
638 4304 774 4380 saelum
790 4322 952 4402 appareti
975 4302 1090 4375 multo
1099 4314 1216 4372 autem
1230 4295 1387 4374 maxime

1349 4441 1388 4496 in
