3225 5200
525 505 1040 586 entnnucrn
1209 535 1274 614 1„

291 705 402 804 Cujus
419 721 455 776 et
472 704 521 776 ob
538 725 681 803 raptum
697 677 787 803 puifi
804 707 940 804 liquere
958 712 1104 784 Penates
1227 731 1270 804 35

284 913 286 920 ,
340 835 532 932 Tarquinii
548 839 689 934 patrios,
708 840 801 912 filius
817 857 924 936 atque
940 861 1059 937 pater;
1149 841 1154 854 ’

290 971 371 1058 Illo,
387 995 461 1066 quo
477 971 639 1066 primum
653 973 857 1046 dominatus
875 973 993 1046 Roma
1010 975 1177 1070 superbos

340 1101 503 1174 Mutavit
518 1099 670 1194 placidis
688 1118 850 1196 tempore
868 1103 1099 1176 Consulibus:

292 1233 424 1318 Multa,
440 1255 557 1327 neque
574 1231 766 1319 inmeritiS,
781 1233 927 1305 donavit
943 1239 1095 1331 praemia
1109 1234 1275 1321 alumnis,

342 1365 496 1440 Praemia
515 1364 672 1438 Meffalis
691 1367 848 1440 maxima
866 1365 1071 1460 Poplicolis.
1226 1388 1275 1456 40

291 1497 391 1572 Nam
418 1497 505 1593 quid
529 1522 598 1594 ego
619 1497 770 1570 inmensi
799 1522 998 1571 memorem
1015 1497 1127 1574 studia
1143 1497 1205 1568 ista
1222 1497 1275 1566 la-

436 1635 532 1710 boris
545 1632 559 1704 ἓ

340 1768 498 1844 Horrida
511 1765 601 1862 quid
612 1765 711 1838 durae
724 1784 888 1864 tempora
906 1770 1046 1874 militiae
1060 1770 1075 1839 ?

289 1903 414 1978 Castra
424 1902 509 1974 ⁴foro
525 1899 659 1985 solitos,
676 1899 755 1971 urbi
772 1925 982 1998 praeponere
998 1903 1117 1988 castra,

339 2035 436 2108 Tam
452 2032 573 2128 procui
590 2031 657 2104 hoc
676 2049 772 2119 nato,
793 2051 868 2103 tam
883 2034 1008 2128 procul
1027 2035 1090 2106 hac
1108 2035 1220 2130 patria
1235 2035 1249 2106 ?
1340 2083 1355 2138 ’-

291 2167 519 2242 inmoderata
534 2168 606 2262 pati
623 2191 717 2238 nune
736 2165 881 2263 frigora,
899 2190 1065 2264 nuncque
1082 2167 1241 2239 calores?

341 2301 493 2372 Stertere
508 2299 566 2370 vel·
580 2299 668 2371 dura
683 2298 779 2396 posse
796 2298 900 2394 super
918 2298 1043 2371 filice?
1226 2302 1272 2392 46

287 2435 393 2530 Saepe
410 2453 545 2506 trucem
561 2432 706 2505 adverso
724 2431 860 2527 perlabi
879 2430 987 2502 fidere
1003 2431 1183 2505 Pontum?

335 2571 441 2667 Saepe
459 2592 557 2645 mare
572 2567 735 2641 audendo
749 2567 902 2655 vincere,
921 2567 1014 2663 saepe
1032 2569 1213 2642 hiemem?

286 2707 392 2803 Saepe
408 2702 517 2775 etiam
534 2699 659 2773 densos
676 2701 856 2775 inmittere
874 2724 1005 2803 corpua
1019 2701 1060 2772 in
1076 2700 1212 2787 hostes;

276 2894 390 2973 fulmine
401 2911 425 2951 et
436 2893 513 2951 imbre
524 2897 635 2960 immitti,
650 2895 754 2952 ἔνσκνὶπ-
801 2908 871 2960 nato,
880 2892 1009 2950 Francius
1018 2894 1138 2969 conjecit
1149 2916 1157 2961 ;
1178 2906 1271 2951 neuter

287 2971 392 3037 reciae,
412 2972 561 3046 descendere,
573 2978 671 3030 venire.
801 2969 863 3027 satis
872 2971 1024 3030 commode.
1045 2971 1077 3027 In
1091 2972 1175 3027 altero
1186 2990 1270 3027 mem·

327 3068 374 3128 35.
395 3050 477 3127 Cujus
496 3061 521 3103 et
537 3046 578 3113 ab,
600 3046 628 3101 h.
655 3059 682 3103 et
704 3046 753 3105 illa
802 3046 852 3103 bro
866 3061 993 3122 uterque:
1016 3064 1069 3103 tam
1084 3047 1204 3122 procula
1219 3064 1270 3121 pa·
1348 3077 1350 3081 v

285 3147 342 3187 non
355 3123 430 3205 prior
444 3122 515 3185 fama
528 3124 575 3189 eu,
588 3122 663 3197 cujus
675 3138 728 3181 etc.
804 3132 864 3179 tria.
904 3121 937 3179 in
950 3122 1041 3197 priore
1054 3140 1141 3177 autem
1157 3142 1190 3178 ne
1200 3123 1270 3182 iliud

324 3224 373 3279 4¹·
406 3200 485 3277 Jam,
518 3204 580 3276 quid
607 3222 660 3277 ego,
694 3219 757 3257 cum
803 3198 913 3273 quidem
926 3197 988 3253 satis
1002 3196 1204 3264 iaciat,fi‘Tam
1213 3216 1272 3274 pro-

283 3282 442 3345 Burmanno
452 3277 596 3352 legendum
603 3300 611 3344 ;
625 3276 756 3351 quicom-
802 3274 846 3333 cul
870 3299 886 3330 a
917 3284 984 3333 natis
1016 3277 1147 3351 legamus.
1190 3273 1270 3333 Forte

284 3372 363 3437 pent
385 3354 495 3415 Tibul,
518 3352 574 3421 IV,
604 3373 630 3419 1,
654 3356 689 3411 82'
714 3352 753 3428 sq.
802 3351 931 3428 scriptum
965 3350 1036 3412 fuit:
1079 3349 1145 3407 ‘Tam
1172 3352 1269 3426 procul,

285 3432 398 3495 Tranfit
422 3446 512 3491 autem
544 3448 600 3487 non
633 3442 688 3487 tam
720 3430 755 3487 ad
800 3428 858 3485 orbe
877 3428 947 3485 alio:
966 3443 1019 3485 tam
1028 3425 1116 3504 procul
1131 3450 1149 3483 a
1168 3440 1267 3504 patria.

284 3511 417 3576 Meiialae,
430 3527 510 3583 quam
523 3507 612 3582 potius
622 3508 657 3565 ad
667 3507 756 3583 gentis
803 3506 897 3564 Orbem
915 3505 953 3561 ita
977 3505 1034 3561 diei
1055 3505 1194 3579 vulgatum
1212 3507 1266 3563 est:

285 3585 417 3654 Valeriae,
437 3582 612 3661 inprimisque
632 3582 755 3639 Messala·
802 3583 838 3641 fic
851 3584 913 3642 orbis
934 3585 1058 3659 diversus,
1081 3581 1192 3650 ultimus,
1218 3582 1269 3641 lom·

282 3684 360 3732 rum,
380 3664 492 3725 virtuter
517 3660 628 3719 bellicus
654 3658 750 3736 ptaedi·
794 3670 904 3738 ginquus
917 3675 944 3715 et
956 3660 991 3717 al.
1064 3702 1068 3707 .

283 3740 394 3802 cendat-
839 3747 886 3811 48.
920 3736 1090 3813 Legebantur:
1125 3736 1197 3808 Saepe
1221 3762 1268 3799 au.

323 3838 373 3893 44.
394 3816 545 3889 Corruptus
556 3812 652 3869 versus.
691 3811 751 3869 Va·
799 3815 874 3869 dendo
896 3836 972 3875 mare.
1013 3812 1086 3867 Cum
1114 3810 1268 3872 Burmanno

283 3897 333 3957 riae
363 3893 474 3951 medelae
500 3889 570 3963 apud
604 3890 750 3948 Burmann.
801 3888 1026 3945 Broukhusranam
1048 3886 1134 3953 iilam,
1158 3886 1267 3949 facilem
1291 3899 1293 3904 '

282 3982 480 4033 memorantur.
519 3962 586 4023 Tam
603 3966 690 4041 procul
709 3967 753 4025 hoc
800 3965 961 4031 etobviam,
982 3963 1196 4022 emendationem
1207 3987 1266 4027 am.

281 4067 356 4112 natos
366 4045 425 4103 scil.
439 4042 506 4106 solo,
527 4042 568 4098 vel
581 4042 647 4099 Tam
667 4042 756 4118 procul
801 4040 962 4117 pleuuosum
976 4061 983 4097 ι
1006 4042 1079 4116 Saepe
1093 4063 1164 4098 mare
1173 4048 1267 4104 auden·

283 4130 343 4189 binc
364 4120 497 4197 Scaliger,
520 4118 586 4177 Tam
602 4118 690 4194 procul
708 4141 755 4197 ag·
801 4118 840 4172 do.
880 4116 953 4172 Cum
966 4136 1000 4173 ex
1013 4138 1067 4174 uno
1082 4131 1186 4177 tantum
1200 4124 1266 4181 aire.

284 4211 354 4267 natis
372 4196 525 4263 sumanus,
546 4192 612 4253 Tam
633 4196 723 4272 procul
738 4220 756 4253 a
801 4211 866 4251 rove
878 4191 994 4262 Codice,
1004 4195 1052 4273 qui
1064 4195 1187 4273 superest,
1203 4219 1266 4272 pro.

587 4294 603 4351 ς
1187 4293 1265 4337 vene.
