3225 5200
547 502 621 584 IN
671 505 1013 586 CULICEM.
1232 538 1273 617 17

298 717 393 790 enim
415 709 605 785 instrudius
631 721 726 784 er‘am
745 709 870 804 copiis,
895 727 936 782 ut
951 711 1085 808 aliquid
1099 715 1189 789 mihi
1207 719 1273 792 hac

298 841 333 911 in
348 861 454 932 opera
473 832 608 906 sumere
624 833 771 928 poffem.
814 833 913 905 Nam
928 852 1163 932 praeterquam
1175 842 1295 933 quod·

298 955 453 1031 ieciionis
470 954 625 1049 origines
643 953 944 1048 investigaveram,
970 956 1015 1027 ad
1033 981 1155 1029 manus
1172 977 1270 1032 erant

299 1102 381 1149 com
409 1076 489 1148 edd.
516 1095 660 1162 veteres,
679 1099 760 1170 quae
786 1077 968 1175 antiquam
995 1078 1181 1151 lediionem
1205 1083 1270 1154 ha-

299 1204 469 1290 bebant*,
495 1221 574 1275 tum
601 1201 781 1273 Bembinae
810 1203 969 1274 lediionis
985 1203 1169 1277 audioritas
1185 1227 1271 1278 cum

299 1326 441 1420 reliquis
468 1324 564 1407 edd„
590 1324 771 1419 inquibus
789 1325 993 1397 emendatus
1017 1327 1066 1398 est
1084 1328 1196 1398 Culex
1212 1326 1273 1398 vel-

300 1465 465 1519 tentatus.
514 1445 722 1517 Habueram
746 1444 877 1539 jamin
900 1448 1015 1541 priore
1031 1449 1185 1521 editione
1207 1474 1270 1522 vs.

298 1567 389 1638 riam
404 1563 604 1649 lediionem,
621 1587 727 1658 qoam
741 1561 893 1634 ecodice
908 1565 969 1636 suo
980 1579 1180 1662 excerptam
1197 1570 1268 1646 mi..

299 1689 386 1762 serat
402 1689 446 1758 ad
465 1712 524 1758 me
545 1687 600 1779 Jo.
622 1684 689 1758 Ge.
718 1685 790 1758 Gu.
823 1686 971 1760 Koehier
989 1690 1031 1760 V.
1050 1690 1106 1777 C.,
1121 1693 1267 1766 alteram

299 1811 431 1883 codicis
449 1807 737 1882 Helmstadienfis
753 1833 783 1878 a.
804 1830 893 1901 1450
908 1812 1039 1882 exarati
1056 1800 1145 1886 mibi
1160 1817 1267 1887 obtu-

298 1935 384 2006 lerat
399 1931 642 2016 Wernsdorfii,
675 1931 742 2002 viri
757 1930 944 2004 dostiffimi
961 1952 997 2004 et
1017 1936 1267 2025 humaniffimi,

298 2053 554 2126 benevolentia.
605 2053 646 2122 ln
663 2075 753 2124 nova
770 2053 834 2124 hac
851 2055 1051 2127 recenfione
1063 2059 1106 2127 ad
1118 2079 1266 2130 manum

299 2176 396 2248 fuere
411 2175 548 2248 schedae
569 2174 625 2266 Jo.
649 2174 831 2246 Schraderi
848 2198 933 2246 cum
958 2176 1141 2272 descriptis
1158 2180 1203 2249 ab
1224 2203 1268 2258 eo

298 2296 436 2370 schedis
462 2295 545 2368 Nic.
563 2295 713 2382 Heinfii,
747 2296 848 2390 cujus
859 2295 1084 2390 sagacitatem
1100 2298 1136 2370 in
1151 2297 1267 2393 poitis

295 2418 521 2492 emendandis
537 2401 644 2489 nemo
663 2417 756 2488 alius
769 2418 959 2510 aequavit†.
978 2493 982 2501 ,
1018 2417 1128 2490 Nolui
1144 2435 1266 2490 tamen

295 2564 376 2637 quae
386 2536 579 2636 elegantius
592 2536 776 2609 refinxerat
786 2538 973 2613 obtrudere
985 2539 1133 2611 indodiir
1142 2564 1265 2636 gram.

296 2662 434 2735 maricis
459 2661 795 2757 interpolatoribus3
835 2684 988 2755 quorum
1005 2661 1143 2731 fraudes
1169 2664 1263 2733 hunc

295 2789 445 2859 eundem
459 2790 575 2861 virum
592 2786 827 2865 acutiffimum
845 2805 918 2857 tam
934 2811 1059 2882 panim
1076 2787 1263 2858 odoratum

299 2911 365 2981 effe
388 2911 511 3006 saepius
529 2915 677 2985 miratus
695 2914 782 2986 sum.
835 2915 996 2986 Omnino
1013 2914 1112 2985 vaide
1128 2915 1264 2985 diversa

298 3033 389 3103 inter
402 3033 433 3104 se
445 3036 603 3107 habenda
613 3040 689 3110 iuna
704 3066 712 3107 :
739 3036 915 3108 restituere
928 3040 1053 3110 veteris
1063 3039 1177 3133 poiitae
1188 3040 1262 3109 lec-

296 3158 431 3229 tionem
448 3161 554 3232 etiam
571 3163 665 3233 haud
681 3162 825 3248 bonam,
844 3162 870 3232 fi
884 3162 976 3233 haud
993 3164 1103 3233 bonus
1120 3163 1190 3241 est;
1216 3178 1264 3245 et,

1120 3297 1266 3375 poetam

340 3516 359 3548 ³
389 3516 492 3575 Exeoffi
505 3516 569 3576 edd.
583 3516 759 3577 Vicentinam
806 3526 956 3595 marginem
979 3514 1045 3573 libri
1067 3514 1205 3573 adnotatas
1226 3514 1261 3571 ab

305 3612 379 3670 1479
409 3608 435 3649 et
465 3594 535 3650 Ven.
572 3599 656 3671 1486.
686 3593 758 3653 Ven.
807 3594 946 3651 oblivione
978 3591 1115 3649 vindicare
1151 3593 1261 3661 voluit;

304 3672 390 3744 1482,
418 3668 487 3725 Ven.
515 3672 599 3744 1484,
627 3670 757 3729 Norimb.
806 3668 904 3744 adjecit
942 3688 1049 3744 quoque
1089 3686 1123 3724 ex
1166 3671 1261 3725 eodem

304 3762 390 3819 1492,
411 3743 479 3802 Veri.
504 3765 589 3833 1495,
616 3745 668 3803 Ed.
695 3747 714 3804 s.
738 3748 757 3805 l.
806 3746 877 3802 libro
909 3744 1031 3801 lefliones
1068 3744 1197 3800 variantes
1231 3743 1262 3799 in

298 3836 329 3877 et
342 3840 367 3876 a.
381 3822 483 3878 Culicis
493 3836 521 3879 et
533 3824 612 3880 ahor.
624 3823 757 3880 minorum
807 3821 888 3877 Cirin
918 3819 1021 3877 codicis
1045 3819 1202 3883 Basileensis,
1231 3818 1261 3875 in

298 3896 472 3959 carminum.¹
807 3897 932 3953 Culicem
959 3893 1097 3952 Petaviani
1121 3909 1148 3948 et
1174 3892 1261 3952 Voffi·

340 3976 359 4030 i
391 3972 579 4048 Ediditnuper
600 3972 698 4050 (1766)
720 3974 757 4030 H.
806 3972 862 4029 ani.
921 3970 994 4027 Cum
1027 3969 1095 4026 mihi
1133 3969 1261 4045 pleniores

300 4050 475 4124 Frfimannus
495 4042 533 4104 V.
544 4049 579 4105 C.
603 4050 759 4107 ColleAIanea
807 4047 946 4103 Schraderi
963 4046 1064 4103 schedae
1085 4044 1258 4122 obrigiffent:

298 4134 398 4190 criri'ca,
430 4125 458 4181 in
490 4124 586 4211 quibus
617 4124 697 4181 Cirin
731 4138 758 4181 et
807 4122 891 4179 molta
916 4121 993 4178 licuit
1015 4121 1172 4200 diligentius
1195 4144 1260 4181 con·

297 4200 428 4257 Culicem
439 4201 553 4277 exprimi
572 4200 679 4257 curavit
696 4220 759 4257 eum
805 4197 922 4266 diruere,
953 4211 992 4265 et,
1015 4218 1075 4274 quae
1099 4198 1285 4257 Heinsries·'

297 4273 760 4351 conjeiiurisnonnuliisJo.Schra-
804 4275 874 4344 seni,
914 4275 1048 4354 sejurgere
1088 4296 1120 4333 ac
1158 4277 1258 4334 discer-

297 4352 362 4410 deri
394 4352 511 4428 magistri
541 4353 596 4420 sui,
628 4372 693 4429 quas
723 4353 758 4410 ad
806 4369 878 4414 nere·

338 4426 427 4485 Toni.
447 4427 498 4489 lv.
846 4427 866 4484 b
