3225 5200
654 517 678 620 t¹
726 473 790 619 us
845 523 866 623 l

582 993 585 1000 ’
620 993 645 1052 E
658 995 727 1053 XC
741 995 771 1054 U
783 995 813 1053 R
825 996 844 1052 S
856 997 887 1056 U
900 997 918 1053 S

353 1097 407 1169 De
421 1097 546 1186 Carme,
572 1097 774 1187 Britomarti,
794 1098 926 1193 'Aphaea
941 1113 974 1170 et
990 1099 1169 1194 Diuynaa.

311 1263 369 1305 220
382 1241 478 1329 Ogygii
488 1248 686 1324 Pboem'cisfilia
697 1249 802 1309 Carme.
843 1268 909 1330 295.
928 1251 1113 1318 oBritomarti,
1132 1271 1194 1306 meae
1194 1252 1253 1324 spes

269 1335 423 1410 unasalatis
432 1337 490 1415 sqq.
531 1337 601 1395 Non
612 1336 755 1394 obscurum
769 1346 866 1396 nomen
879 1338 908 1395 in
921 1336 1015 1416 priscis
1027 1335 1206 1402 Cretensium,
1224 1351 1252 1393 et

270 1420 338 1479 hinc
351 1423 539 1502 AEginetarum
562 1440 590 1483 et
615 1424 829 1501 Megarensium,
848 1416 945 1484 sabulis
970 1443 1066 1482 nomen
1080 1426 1193 1483 Carmes.
1222 1445 1252 1499 v,

274 1509 386 1570 Pansam
400 1511 440 1582 H,
455 1532 501 1589 30.
522 1513 642 1572 Diodor.
655 1515 693 1584 V,
718 1515 764 1591 76,
784 1512 878 1591 ibique
891 1514 1009 1582 werel,
1030 1512 1164 1570 Antonin.
1185 1513 1252 1582 Lib,

216 1617 223 1638 ³
272 1593 345 1654 Met.
360 1615 386 1657 c.
407 1621 455 1677 40.
495 1603 623 1662 Phanicis
636 1601 692 1658 filia
703 1601 732 1660 h.
747 1603 768 1660 l.
780 1601 882 1671 editur,
901 1602 942 1659 uti
954 1623 1062 1680 quoque
1080 1601 1114 1658 ab
1126 1603 1251 1658 Antonio

271 1685 336 1746 Lib.
350 1687 466 1749 Metam.
480 1713 506 1750 c.
519 1713 557 1768 40
571 1690 720 1768 Caffiepiae,
741 1692 841 1750 Arahii
851 1691 884 1760 s.,
902 1706 931 1749 et
945 1691 1094 1760 Phoeniciu,
1114 1691 1251 1766 Agenoris

255 1772 304 1861 ¹s..
323 1777 373 1835 niti
384 1779 510 1855 quodibi
523 1781 552 1836 in
567 1778 707 1836 Phoeuicia
718 1794 780 1836 nata
794 1779 937 1857 proditur3
957 1800 1040 1846 nnnc,
1059 1799 1123 1837 cum
1134 1784 1251 1863 Ogygias

267 1859 386 1922 Phoenix
397 1867 556 1944 appelletur,
577 1866 612 1922 ad
625 1867 757 1924 Boeotiam
767 1867 811 1924 vel
820 1867 942 1924 Atticam
953 1867 1022 1924 illud
1032 1887 1130 1926 nomen
1139 1867 1248 1926 Phoeni.

267 1971 328 2010 cem
351 1955 477 2021 retrahit.
497 1954 544 2030 qui
566 1973 628 2011 cum
650 1955 757 2012 Cadmo
779 1955 872 2013 venire
891 1956 989 2032 potuit.
1028 1958 1068 2014 At
1082 1956 1194 2022 Eubuli,
1212 1979 1247 2016 ex

269 2038 440 2099 Carmanore
448 2041 584 2120 prognati,
603 2040 687 2098 filiam
699 2041 841 2099 Cretenses
853 2042 995 2099 tradebant
1008 2061 1051 2118 ap.
1062 2043 1174 2100 Pansan.
1187 2044 1207 2100 1.
1220 2063 1247 2102 c.

268 2124 393 2185 Diodor.
409 2127 450 2197 V,
463 2130 510 2207 76.
548 2129 644 2187 Carme
661 2147 679 2185 a
701 2129 772 2204 Jove
792 2131 911 2207 oppressa
923 2133 1089 2188 Britomartin
1100 2145 1177 2208 partu
1189 2131 1249 2188 edi·

268 2213 325 2282 dit,
345 2235 407 2292 qua
417 2229 445 2274 et
456 2215 513 2294 ipsa
522 2235 540 2272 a
551 2216 648 2276 Minoe
662 2231 762 2275 tentata
772 2219 930 2276 narraturse
940 2219 970 2276 in
983 2219 1246 2296 marepraecipitasle.

268 2303 336 2384 Qa
348 2305 383 2362 de
395 2324 424 2361 re
437 2305 512 2362 locus
533 2305 647 2364 classicus
670 2305 835 2364 Callimachi
857 2307 886 2365 in
898 2307 984 2368 Dian.
1002 2314 1054 2385 189
1068 2308 1138 2384 sqq..
1157 2307 1205 2364 ubi
1218 2327 1245 2366 v.

266 2391 361 2472 Intpp.
371 2406 398 2450 et
411 2392 514 2460 Meurs.
527 2392 556 2448 in
572 2393 655 2475 Creta
666 2394 721 2462 IV,
736 2415 763 2470 3.
803 2396 886 2454 Hanc
898 2396 1019 2454 fabulam
1032 2397 1061 2462 in
1073 2397 1147 2474 seqq.
1164 2404 1247 2472 poe'ta

263 2480 304 2540 vs.
317 2487 374 2542 286
383 2482 417 2538 ad
430 2499 485 2557 309
496 2481 619 2558 exponit,
639 2496 670 2538 ut
683 2482 871 2552 Biitomartin,
891 2485 1056 2544 venatricem
1068 2484 1134 2541 etin
1149 2484 1246 2544 Dianae

265 2570 449 2631 contubernio
459 2569 591 2637 habitam,
610 2569 676 2630 dum
689 2571 819 2633 Minoem
832 2574 916 2654 sugit,
934 2588 1022 2632 narret
1041 2575 1071 2631 in
1091 2592 1164 2630 mare
1179 2593 1247 2650 prae·

264 2661 378 2739 cipitem
387 2660 493 2729 datam,
512 2659 658 2717 secundum
672 2662 739 2719 alios
752 2663 889 2741 Aphaeom,
908 2663 1053 2732 secuudum
1063 2661 1130 2718 alios
1140 2664 1246 2736 Dirlyu.
1284 2720 1288 2729 ¹

261 2772 333 2817 uam,
352 2749 402 2805 else
414 2748 584 2825 appellatam.
624 2751 737 2809 Numina
749 2752 823 2809 enim
834 2752 943 2828 Aphaeae
952 2760 1060 2831 virginis
1070 2749 1141 2805 haud
1159 2749 1243 2807 dubie

262 2838 303 2897 vs.
317 2857 370 2913 303
383 2838 539 2915 legendum.
578 2836 635 2894 Sub
660 2838 714 2896 hoc
734 2840 844 2898 nomine
866 2841 938 2917 apud
951 2839 1090 2915 AEginetas
1110 2835 1241 2913 Nympha

264 2924 364 2984 habuit
375 2924 515 3003 templum,
534 2940 562 2983 et
574 2926 610 2983 ad
622 2946 680 2985 eam
695 2927 829 2987 Pindarus
846 2931 948 3007 (ᾆσμα)
961 2930 1091 3004 hymnum
1103 2926 1242 3003 scripserat

261 3015 294 3073 in
313 3014 502 3093 AEginetarum
522 3013 655 3092 gratiam:
687 3014 798 3075 Pausao.
825 3017 865 3083 Π,
893 3036 940 3094 30.
972 3015 1009 3073 cf.
1023 3012 1158 3070 Antonin.
1172 3014 1192 3070 l.
1213 3032 1240 3069 c.

261 3102 388 3180 Hesych.
399 3100 428 3159 in
442 3105 539 3177 Ἀφαία
553 3118 580 3161 et
593 3102 633 3161 ibi
648 3102 716 3162 VV.
729 3103 810 3172 DD„
828 3105 895 3162 item
908 3106 942 3161 ad
955 3123 1050 3161 vocem
1062 3105 1241 3177 Βςιτόμαξτις,

264 3192 299 3250 de
310 3193 388 3269 cujus
401 3190 520 3249 nominis
531 3204 623 3265 etymo
643 3210 671 3249 v.
690 3190 810 3267 Etymol.
822 3190 867 3249 M.
907 3190 1024 3247 Videtur
1036 3204 1111 3246 vetus
1124 3180 1256 3245 Hecates*

261 3282 383 3358 adeoque
401 3281 500 3339 Dianae
523 3298 622 3337 nomen
647 3280 724 3340 fuisse
748 3284 838 3359 Βςιτῶ.
877 3279 1021 3353 Dislynnae
1052 3298 1161 3345 nomen,
1181 3279 1241 3335 vul·

262 3388 299 3449 go
318 3370 356 3427 ad
378 3369 446 3428 retia
468 3368 580 3443 (δίκτυα)
607 3368 678 3424 trahi
711 3368 834 3436 solitum,
877 3365 975 3443 quibus
1011 3380 1123 3442 excepta
1151 3362 1241 3441 Nym·

263 3456 317 3534 pha
337 3456 438 3515 servata
460 3456 496 3513 est
520 3458 558 3529 (v.
581 3453 701 3516 Diodor.
721 3458 742 3515 l.
764 3463 817 3533 e),
849 3453 1016 3513 Cretensibus
1041 3453 1094 3510 suit
1116 3452 1240 3511 dometi-

264 3564 339 3615 cum,
372 3559 403 3603 ut
436 3542 548 3602 Pausan.
581 3544 601 3602 l.
627 3564 653 3603 c.
680 3546 776 3613 docet;
815 3558 955 3623 acceptum
978 3559 1067 3600 tamen
1091 3562 1107 3597 a
1131 3542 1239 3609 Samiis,
1351 3592 1358 3605 κ

263 3633 409 3693 Herodoto
434 3634 541 3689 auclore
564 3631 614 3689 lib.
639 3631 701 3700 III,v
718 3655 766 3711 59.
807 3632 871 3691 Fuit
891 3645 963 3691 certe
980 3631 1126 3706 Dictynna
1144 3629 1238 3685 sanum
1335 3636 1340 3647 “

262 3710 387 3782 interra
413 3719 568 3796 Cydoniate
586 3721 686 3790 Cretae,
715 3722 764 3779 ubi
787 3737 815 3780 et
842 3721 1015 3796 Dictynnaeus
1041 3738 1118 3775 mons
1135 3732 1239 3793 etpro.

262 3810 437 3869 montorium.
477 3808 554 3866 Idem
567 3826 666 3866 nomen
688 3808 748 3875 alii,
769 3825 799 3867 ut
819 3808 915 3885 Eurip.
940 3805 1056 3882 Hippol.
1075 3807 1137 3877 146.
1154 3823 1238 3877 1130,

261 3896 310 3955 ubi
322 3897 360 3953 cf.
370 3895 478 3963 Schol„
497 3894 637 3971 Aristoph.
656 3894 727 3952 Ran.
745 3914 830 3968 1402,
850 3894 898 3951 ubi
913 3893 1017 3959 Schol.‚
1036 3891 1071 3945 de
1093 3889 1182 3946 Diana
1195 3892 1238 3949 in-

259 3984 398 4062 terpretati
409 3984 480 4051 sunt,
500 3982 545 4039 sed
558 3983 705 4059 reprehensi
720 4003 735 4039 a
749 3982 877 4063 Diodoro
890 3978 929 4046 V,
938 3983 987 4057 76,
1006 3976 1054 4033 ubi
1064 3977 1192 4036 tollenda
1202 3984 1238 4039 est

260 4086 322 4132 ante
332 4072 453 4147 ἀφ’ἧςεῖ
466 4071 523 4147 post
540 4080 660 4146 Ἀςτεμιν
674 4068 851 4147 parenthesis:
872 4066 1109 4150 nam'fld”Agrrptr
1121 4065 1238 4143 spectant

259 4182 303 4231 ea,
322 4182 383 4242 quae
394 4162 550 4239 sequuntur.
590 4160 716 4237 Sequitur
729 4174 819 4217 tamen
838 4150 900 4215 istos
911 4158 1003 4214 unitor
1013 4159 1099 4214 noster
1111 4160 1156 4215 uss.
1171 4180 1237 4237 245·

261 4272 328 4327 394.
344 4269 411 4329 305,
431 4265 458 4309 et
469 4249 614 4333 Ἀρτέμιδος
626 4252 755 4313 Δικτύννης
768 4248 859 4306 fanum
872 4246 928 4303 suit
940 4245 970 4303 in
983 4246 1136 4304 laconica:
1171 4248 1239 4305 Pau-

257 4342 313 4407 san.
327 4339 382 4408 ΠΙ,
396 4356 444 4414 24,
462 4358 491 4418 p.
504 4357 573 4418 273.
607 4340 730 4417 Ἀςτεμις
749 4338 901 4401 nauwnasb
914 4333 1055 4411 Anticyra
1068 4334 1237 4478 cultaXPau6s.

1166 4442 1204 4495 »3
1226 4465 1237 4493 s
