3225 5200
505 477 934 560 IN'CIRIN.'
1150 504 1195 584 97

218 693 339 793 positis
356 686 406 761 ad
422 678 687 785 philosophiam
703 682 736 757 se
747 679 932 756 contulisse
947 700 1063 754 narret
1078 680 1153 777 ipse
1168 704 1205 751 t«

172 842 174 849 ·
221 818 333 915 esqq.
352 836 398 906 42
429 812 505 908 sqq.
555 804 866 901 Juvenem'tamen
896 806 931 879 se
956 807 1101 878 testatur
1120 828 1207 878 auc-

218 960 273 1015 tor
304 938 384 1011 satis
417 931 601 1007 manifeste
624 930 688 1003 vll.
722 952 767 1021 42
787 931 864 1027 sqq.
893 930 958 1001 Sed
985 932 1128 1026 quoniam
1161 926 1214 995 ad.

219 1078 330 1137 tuntas
353 1084 433 1132 nunc
460 1060 615 1153 prtinum·
629 1056 785 1145 nascimur
804 1070 904 1142 artes,
944 1054 1040 1126 Nunc
1064 1056 1204 1147 primum

220 1206 341 1264 teneros
372 1185 539 1276 mamus
566 1182 670 1253 robore
697 1204 830 1252 neruos:
870 1180 952 1253 Haec
981 1196 1087 1254 tamen
1117 1185 1214 1252 inte-z

102 1312 103 1321 ’
221 1336 279 1383 rea
293 1372 295 1377 .
310 1336 381 1408 quae
414 1310 579 1403 possumus,
636 1308 670 1376 in
704 1306 815 1400 quibus
852 1308 918 1377 aevi
953 1306 1068 1378 Prima
1110 1305 1214 1376 rudia·

221 1453 330 1513 menta
365 1449 398 1507 et
426 1437 545 1529 primos
571 1434 730 1527 exegimus
760 1451 865 1517 annos,
889 1428 1020 1525 Accipe.
1070 1431 1107 1503 Si
1123 1450 1203 1525 por›

101 1594 103 1647 4
221 1578 267 1633 ro
309 1556 491 1629 Mellalam
528 1557 684 1652 juvenem
735 1552 933 1644 dollifflmum
970 1576 1003 1625 v.
1039 1552 1087 1648 36
1138 1576 1205 1649 ap-

223 1680 356 1778 pellare
389 1679 518 1777 potuit,
547 1674 698 1775 juvenili
721 1690 826 1748 aetate
859 1674 1089 1748 constitutum
1119 1699 1233 1747 eume

224 1822 261 1877 et
289 1800 407 1899 ipsum
431 1818 511 1873 tum
536 1798 635 1872 fuille
660 1798 792 1871 neeesse
816 1799 877 1887 est,
904 1797 989 1871 cum
1012 1800 1121 1870 Maro
1143 1798 1214 1869 illa·

227 1925 415 2011 scriberem
455 1925 492 1998 id
515 1926 611 2021 quod
643 1943 850 2023 temporum
881 1923 987 1996 docet
1017 1948 1207 2020 compara-

224 2049 279 2121 tio
295 2052 354 2121 ⁴⁸..
383 2038 479 2121 Rem
502 2064 619 2122 tamen
642 2051 698 2122 vel
710 2048 767 2123 ‘fic
795 2050 835 2121 in
863 2046 985 2121 medio
1008 2048 1212 2143 relinquere

224 2169 337 2246 satius
353 2170 461 2243 duco.

279 2294 378 2367 Inter
392 2288 483 2383 haec,
509 2288 568 2369 etii
585 2300 751 2375 carminis
770 2296 878 2375 facies
894 2300 1041 2373 omnino
1058 2291 1137 2375 satis
1160 2297 1207 2375 li-

225 2418 356 2492 beralis
374 2416 444 2490 est:
469 2422 589 2517 negari
601 2438 721 2496 tamen
737 2425 872 2520 nequit,
884 2424 1016 2495 varices
1032 2422 1156 2520 paffim
1171 2442 1208 2496 et

225 2544 345 2618 ulcera
370 2567 497 2641 corpus
518 2546 687 2638 obfidere,
730 2551 806 2623 loca
840 2566 1025 2622 occurrere
1051 2549 1207 2643 plurima

224 2667 347 2742 scabra
364 2685 399 2738 et
412 2667 569 2757 horrida,
583 2671 700 2744 versus
717 2674 878 2745 duriores
888 2690 948 2743 aut
962 2671 1114 2767 pedestri
1126 2695 1208 2742 ora-

226 2791 329 2862 tione
344 2787 527 2886 depmffm,
551 2789 639 2865 alios
663 2793 803 2890 prorsus
834 2812 1019 2888 corruptos
1044 2793 1084 2863 a'c
1110 2790 1207 2863 sensu

227 2927 401 2997 carentes,
416 2929 455 2983 ut
475 2911 656 2985 interdum
673 2915 833 2986 honestas
849 2915 911 2986 illa
927 2916 996 2986 oris
1011 2913 1106 2985 foede
1120 2937 1209 2985 con-

227 3033 865 3129 taminataacprorsusobliteratasrt.
891 3036 1035 3107 Scilicet
1051 3038 1209 3131 primum
1293 3072 1296 3078 ·

230 3157 279 3244 id,
302 3157 401 3252 quod
417 3156 455 3226 in
471 3155 691 3227 carminibus
706 3156 761 3227 his
777 3156 978 3228 minoribus
991 3156 1138 3227 evenille
1154 3157 1210 3226 vi-

230 3279 336 3352 detur
351 3278 424 3350 fere
439 3278 620 3365 omnibus,
637 3279 745 3349 etiam
761 3278 797 3350 in
814 3277 890 3349 Ciri
904 3277 1037 3350 factum
1051 3275 1210 3363 arbitror,

230 3400 368 3473 minore
384 3419 503 3474 tamen
523 3427 609 3476 cum
625 3401 769 3474 audacia
784 3423 893 3499 quem
910 3403 946 3472 in
965 3402 1099 3487 Culice,
1129 3424 1211 3472 orn-1
1315 3406 1331 3419 “

228 3520 334 3594 nium
350 3545 419 3594 uno
435 3523 594 3596 maxime
613 3521 748 3596 foedato
765 3523 931 3610 carmine,
956 3543 996 3596 ut
1016 3523 1093 3621 jam
1117 3525 1210 3595 anti-

233 3667 306 3744 qua
320 3643 402 3716 satis
418 3662 524 3716 aetate
542 3643 579 3714 in
596 3668 635 3715 ea
657 3663 860 3718 exercerent
884 3643 918 3717 se
944 3645 1129 3742 politorum
1153 3646 1210 3717 seu

233 3765 515 3840 versrficatorum
540 3763 693 3862 ingenia,
719 3769 890 3840 variando
906 3786 942 3840 et
956 3767 1212 3862 amplificando

1040 3892 1210 3967 carmine.

232 4203 236 4212 ι
269 4115 287 4154 ⁶
308 4105 405 4172 Netos
423 4110 498 4175 enim
519 4104 657 4192 Virgilius
677 4135 702 4176 a.
722 4113 762 4178 U.
780 4115 817 4176 C.
839 4108 907 4192 684,
924 4101 1072 4175 Messalae.
1086 4115 1214 4195 695,nec

231 4213 276 4274 lic
284 4213 387 4273 claruit
401 4225 465 4272 ente
475 4218 546 4294 718,
558 4230 601 4278 aet.
617 4225 663 4297 ²3·

268 4323 379 4403 Ten.
405 4319 474 4404 IV.
723 4353 751 4428 g
