3225 5200
522 531 971 616 PR-AEFATlO.
1218 565 1264 614 v,

82 813 83 818 Ν
192 837 196 844 ,
256 751 296 831 et
315 774 365 829 ex
384 741 554 851 eleganti
571 736 780 843 subtilique
793 733 943 840 judicio
958 761 1084 814 rerum
1098 763 1142 814 ac
1156 735 1244 816 sen-

259 881 487 967 tentiarum,
505 868 696 982 proficisci
713 867 924 947 utilitatem
950 888 987 947 et
1015 871 1111 948 olim
1139 871 1242 952 arbi-

260 1037 382 1097 tratus
403 1011 497 1094 'sum
529 1030 565 1088 et
596 1034 716 1101 nunc,
737 1007 816 1084 ¹cur
832 1005 881 1082 ab
899 1032 944 1082 ea
959 1004 1242 1086 existimatione

263 1152 456 1242 recedam,
495 1147 621 1226 multo
652 1145 785 1222 minus
816 1140 963 1233 habe03
1002 1142 1183 1250 inprimis
1211 1141 1240 1224 s1

261 1292 515 1372 inventorum
533 1283 697 1374 fontem,
715 1277 987 1360 tractationem
1010 1299 1049 1358 et
1075 1309 1243 1361 exorna.

261 1427 413 1506 tionem
433 1419 623 1528 totiusque
641 1417 768 1525 operis
787 1413 981 1494 summam
999 1436 1035 1495 et
1053 1412 1239 1512 colorem,

265 1565 293 1648 fi
326 1564 456 1642 omnia
492 1559 592 1649 haec,
627 1558 805 1664 inquarn,
842 1552 957 1632 docte
995 1571 1033 1631 ct
1064 1551 1242 1660 sagaciter

264 1700 463 1812 perspecta
479 1719 517 1779 et
535 1697 735 1806 explorata
755 1691 911 1784 habeaS,
938 1690 1041 1772 etde
1065 1694 1113 1774 iis
1138 1695 1241 1774 dilu-

265 1838 349 1916 cide
395 1864 439 1914 ac
483 1832 683 1944 perspicue
727 1831 813 1910 aliis
859 1831 1065 1938 praecipere
1109 1832 1239 1940 pollis.

267 1973 415 2054 Monui
440 1973 572 2080 itaque
599 1971 717 2046 etiam
735 1969 775 2047 in
793 1964 855 2046 his
874 1966 1122 2058 carminibus,
1151 1997 1241 2076 quae

264 2108 478 2199 interdurn,
506 2134 600 2184 nam
617 2132 738 2214 pauca
755 2105 797 2184 in
823 2105 871 2182 iis
896 2104 1016 2184 nitere
1043 2104 1245 2188 fatendum

268 2249 336 2340 est,
356 2275 437 2356 prae
456 2248 599 2326 caeteris
613 2245 813 2355 probanda
828 2265 865 2326 et
879 2245 983 2326 bono
997 2244 1115 2356 poeta
1128 2247 1245 2356 digna

269 2384 390 2466 videri
408 2383 603 2466 deberent.

321 2769 497 2850 indicem
529 2768 570 2848 in
601 2766 676 2847 hac'
710 2752 881 2849 editione
909 2768 1107 2877 copiosum
1134 2775 1245 2853 novis

270 2896 369 2990 curis
402 2910 628 2989 confectum
661 2908 844 2989 accellrlie
879 2939 996 2988 nemo
1027 2911 1244 3007 mirabitur,

268 3048 337 3156 qui
356 3067 420 3127 aut
439 3049 577 3155 prioris
597 3046 778 3127 editionis
814 3049 984 3128 indicem
1012 3078 1132 3129 manu
1159 3080 1245 3131 ver-

268 3182 380 3277 savit,
410 3204 476 3263 aut
501 3182 710 3264 utilitatem
743 3182 965 3292 hujusmodi
985 3186 1159 3266 indicum
1177 3214 1247 3263 ex-

268 3342 399 3431 pertus
418 3322 486 3403 est.
546 3324 653 3403 Cum
682 3323 779 3407 is-fit
799 3324 932 3418 Maro,
964 3328 1034 3435 qui
1067 3306 1254 3405 orationis'

269 3457 435 3565 poeticae
461 3460 734 3541 Romanorum
762 3465 897 3540 auctor
916 3459 959 3539 fit
976 3462 1191 3568 praecipuus
1211 3482 1249 3542 et

272 3594 423 3691 unicuS,
455 3625 626 3708 cumque
644 3598 685 3678 id
705 3600 847 3680 Latino
873 3597 1039 3677 sermoni
1068 3600 1108 3679 in
1138 3599 1248 3677 laude

169 3716 176 3731 ’
270 3731 606 3811 annumerandum
643 3731 701 3827 fit,
745 3734 852 3841 quod
883 3735 1098 3815 orationem
1135 3732 1250 3809 habet

272 3864 468 3971 poeticam
494 3894 517 3943 a
545 3862 710 3973 pedestri
736 3864 942 3973 diligenter
969 3862 1171 3956 diversam,
1200 3893 1249 3943 ex

272 4000 440 4079 Marone
471 4017 601 4076 autem
630 3997 825 4107 pendeant
842 3997 972 4106 podtae
990 3998 1091 4107 epici
1121 3997 1251 4079 Latini

268 4163 419 4225 omnes,
453 4134 653 4227 LucanuS,
689 4133 805 4211 Silius
849 4132 1030 4241 ItalicuS,
1077 4135 1250 4214 Valerius

271 4272 446 4368 Flaccus,
477 4272 633 4365 Statius,
662 4270 915 4369 Claudiam,
945 4269 1145 4355 Ausonius
1165 4272 1251 4351 etsr

1181 4437 1251 4517 qur
