3225 5200
384 538 456 615 230
536 514 576 589 Ρ.
614 514 882 619 umorem
919 520 1231 594 unnonm

334 697 338 704 ¹
383 711 516 786 Verum
532 714 639 788 aliam
654 715 719 790 fibi
735 721 863 814 quaerit
878 746 1006 817 opem;
1032 744 1101 792 neu
1119 718 1190 790 sola
1205 719 1326 814 palato

382 845 439 917 sn
456 871 527 919 non
542 866 639 944 grata
655 850 770 937 Ceres,
784 877 870 947 quas
891 854 1032 953 jungat,
1046 867 1236 946 *comparat
1256 849 1360 941 escae.

383 982 467 1056 Non
484 984 535 1054 illi
551 982 712 1079 suspensa
727 981 850 1050 focum
868 977 1026 1047 carnaria
1042 978 1156 1075 juxta,
1314 987 1360 1076 56

382 1116 510 1188 Durati
526 1114 593 1186 sale
610 1132 708 1210 terga
724 1112 792 1182 suis
809 1109 996 1203 truncique
1014 1113 1202 1186 vacabant:

380 1251 565 1350 Trajedlus
585 1247 745 1321 medium
760 1245 877 1340 sparto
892 1243 953 1316 sed*
967 1245 1082 1318 caseus
1098 1247 1235 1335 orbem,
1340 1340 1345 1345 .

380 1389 432 1462 Et
448 1404 546 1458 vetus
562 1382 717 1459 adstriffi
739 1379 838 1452 fascis
852 1380 1029 1474 pendebat
1047 1383 1177 1460 anethi.

380 1519 600 1620 Frgoaliam
617 1517 763 1588 molitur
779 1538 886 1610 opem
903 1515 968 1586 fibi
985 1517 1153 1611 providus
1171 1522 1282 1594 heros.
1310 1528 1359 1599 60

431 1661 570 1732 Hortus
586 1673 658 1727 erat
669 1651 812 1750 jundus
825 1650 962 1736 casule,
978 1676 1084 1745 quem
1098 1655 1231 1726 vimina
1244 1681 1359 1752 panca

379 1800 429 1874 Et
445 1794 580 1866 calamo
597 1786 749 1858 recidiva
763 1787 833 1857 levi
851 1787 1013 1858 munibat
1029 1791 1162 1862 arundo
1172 1827 1181 1876 ;

381 1991 514 2040 eralsrorem
525 2000 549 2038 et
560 1987 694 2036 tenuiorem
705 1984 786 2048 ignem
799 1983 924 2031 discrimen
940 1984 1018 2033 sacere
1029 1987 1119 2049 necefl'e
1136 1990 1177 2038 est.
1188 2022 1193 2032 ·
1211 1992 1295 2054 itaque
1306 2003 1358 2037 arn·

377 2070 472 2134 pledlor
482 2068 598 2118 Aldinam
608 2063 753 2114 lenionem:
770 2065 863 2127 testaque,
878 2078 934 2109 nam
946 2079 960 2111 a
970 2064 1035 2111 testis
1054 2065 1173 2116 calendis
1192 2069 1272 2116 rodilo
1289 2069 1357 2132 panis

376 2148 531 2200 acceleratur.
565 2143 616 2192 Nili
628 2144 688 2209 Vasta
707 2141 772 2189 focus
789 2141 936 2201 eli—54.
958 2162 983 2188 ne
1003 2145 1041 2190 ed.
1063 2147 1170 2206 Ascens,
1186 2148 1267 2195 minua
1284 2148 1354 2198 bene,

379 2223 445 2270 Nam
456 2222 540 2287 copula
550 2219 687 2284 requiritur.
718 2227 746 2275 et,
762 2216 946 2276 necte.--56.
966 2231 1006 2278 57.
1022 2219 1127 2268 Obscura
1139 2223 1171 2270 est
1183 2223 1266 2271 oratio.
1301 2226 1356 2271 Sca-

378 2297 440 2362 liger
452 2308 546 2344 tanrum
557 2295 666 2349 vacabant,
687 2291 751 2354 quod
763 2292 836 2354 vulgo
849 2291 944 2356 legitur,
964 2294 989 2340 in
1001 2296 1091 2357 rigebant
1103 2309 1189 2356 mutat,
1209 2300 1275 2363 qnod
1294 2311 1355 2348 vett.
1430 2322 1438 2325 ¹

378 2373 433 2422 edd.
445 2372 532 2420 habere
544 2371 586 2428 ait,
596 2385 653 2432 quas
664 2367 774 2429 equidem
786 2367 928 2418 nullasvidi.
964 2371 1014 2415 Non
1025 2372 1084 2418 adeo
1101 2376 1172 2421 durati
1178 2377 1228 2437 fide
1242 2379 1354 2440 tergasuis

376 2451 482 2509 truncique
503 2447 603 2510 rigebant,
620 2444 645 2491 h.
665 2453 731 2489 erant
749 2444 786 2501 ei;
803 2443 849 2490 sale
868 2444 932 2490 enim
951 2456 974 2492 et
991 2445 1059 2493 sumo
1080 2449 1164 2497 durata
1181 2452 1269 2515 rigent.
1305 2455 1356 2501 Noc

379 2525 442 2574 male
455 2525 499 2572 hoc
511 2524 603 2571 didium
621 2519 716 2585 putabo.
732 2579 734 2584 ι
751 2521 843 2568 Trunci
860 2521 954 2584 possunt
973 2523 1018 2571 esse
1033 2526 1072 2572 uel
1090 2541 1170 2589 pernae
1182 2528 1250 2576 suum
1261 2528 1353 2593 aliaque

380 2603 472 2666 maiora
493 2600 574 2659 srulla,
593 2597 632 2647 vel
646 2597 794 2661 jungendum
799 2602 847 2660 suis
859 2606 935 2659 trunci,
946 2600 972 2650 h.
984 2604 1097 2660 truncari,
1112 2605 1136 2651 in
1154 2618 1235 2669 partes
1251 2608 1352 2661 diffedi.

377 2681 447 2729 Prius
464 2678 574 2743 equidem
591 2674 701 2743 praelero.
736 2678 781 2724 Sed
792 2677 910 2726 haerenms
930 2680 968 2727 vel
986 2680 1015 2728 src
1033 2681 1109 2729 adhue
1125 2684 1150 2731 in
1169 2687 1250 2749 priore
1267 2688 1352 2735 versu:

377 2756 425 2805 Non
436 2757 469 2803 illi
481 2756 577 2822 firsperfiz
589 2757 662 2816 focum
684 2758 781 2799 carnaria
796 2758 873 2819 juxta.
907 2757 942 2803 Ex
961 2757 1067 2803 carnario
1087 2758 1144 2820 (vid.
1162 2761 1238 2808 lndlc.
1256 2762 1351 2825 Scriptt.

376 2832 408 2877 R.
420 2832 462 2897 R.)
478 2830 581 2895 pendent
592 2844 680 2892 pernae.
712 2830 762 2893 lpsa
771 2831 885 2887 carnaria,
903 2830 927 2877 h.
940 2832 993 2878 unci
1006 2831 1085 2890 ferrei,
1096 2834 1112 2881 sr
1126 2835 1194 2898 juxta
1204 2835 1285 2884 focum
1296 2837 1350 2894 fixa,

375 2904 449 2955 infixa
471 2905 555 2970 parieti
574 2906 643 2962 sunt;
665 2919 712 2951 nun
734 2902 829 2970 poliunt
852 2906 898 2953 dici
908 2906 1012 2972 siffenstz.
1046 2912 1080 2956 Ut
1096 2926 1138 2973 per
1161 2912 1350 2976 appofitionem:

374 2986 483 3041 carnaria,
493 2984 614 3045 duratifhlc
624 2991 682 3043 terga
691 2982 746 3041 fitis,
762 2983 879 3040 dicantur,
889 2983 981 3046 placere
993 2986 1087 3048 potest;
1108 2985 1258 3034 licarnarium
1276 2988 1351 3053 ipsam

373 3076 471 3111 earnem
483 3060 528 3109 effe
539 3061 617 3115 dicam
633 3058 697 3121 quod
708 3061 817 3123 exemplo
828 3073 899 3109 earet.
931 3063 1051 3110 Laborare
1067 3063 1127 3111 adeo
1144 3064 1206 3112 mihi
1224 3066 1350 3116 videbatur

373 3136 455 3196 locus;
476 3137 578 3188 necdum
600 3134 794 3183 aWernsdorfio
813 3136 977 3184 difficultatem
996 3138 1112 3185 sublatam
1131 3139 1210 3196 video,
1228 3143 1350 3202 quomodo

373 3214 509 3263 taenarium
525 3216 605 3279 parieti
619 3210 705 3279 itfixum
721 3212 814 3259 didium
831 3213 876 3272 esse
894 3212 963 3276 pollit
979 3214 1104 3280 sisperfirm.
1149 3214 1243 3263 Scilicet
1261 3232 1300 3264 ree
1316 3219 1350 3267 ita

373 3291 531 3357 expedienda:
547 3289 665 3338 carnarium
676 3285 735 3335 illud
746 3288 842 3352 tignum
860 3289 900 3335 sen
919 3288 1112 3346 instrumentum,
1132 3289 1203 3337 clavia
1216 3290 1257 3339 seu
1275 3294 1350 3353 uncie,

273 3374 275 3378 '
374 3368 500 3432 exquibus
513 3382 593 3415 carnes
603 3364 710 3428 suspendi
721 3362 826 3427 poffunr,
836 3380 884 3411 non
896 3364 982 3427 parieti
996 3362 1104 3423 infixum,
1116 3364 1156 3413 sed
1163 3381 1192 3413 ex
1202 3382 1295 3417 camera
1309 3371 1349 3421 seu

373 3458 402 3491 ex
414 3458 475 3494 unco
489 3441 573 3507 parieti
585 3440 657 3488 infixo
669 3438 799 3501 pendulum
818 3440 859 3495 est,
877 3440 983 3502 adeoque
999 3450 1023 3487 et
1034 3441 1110 3504 ipsum
1122 3441 1240 3508 suspensam
1250 3460 1279 3492 ex
1288 3461 1350 3495 unco

371 3519 411 3567 vel
423 3519 497 3568 clavo.
530 3518 612 3571 Heius.
633 3516 664 3564 ad
681 3514 751 3563 Ouid.
773 3518 833 3562 Met.
852 3517 917 3573 vni,
936 3516 982 3575 647
1003 3516 1065 3579 conj.
1083 3519 1203 3580 replebam
1221 3518 1263 3567 ubi
1281 3522 1347 3572 vide.

370 3596 483 3647 Concedo
494 3596 517 3643 in
524 3606 603 3660 partes
611 3590 774 3648 Wernsdnrfii,
781 3591 822 3654 qni
831 3591 890 3639 bene
898 3604 989 3649 monet,
997 3612 1074 3639 vacare
1085 3593 1131 3641 dici
1140 3592 1165 3641 h.
1175 3594 1193 3644 l.
1203 3612 1256 3659 quae
1264 3600 1349 3661 praesto

369 3686 447 3733 erant,
455 3682 537 3739 parata
548 3681 572 3719 et
583 3670 608 3717 in
619 3679 723 3734 promtu.
752 3669 843 3716 Lucan.
855 3671 888 3727 V,
899 3682 945 3731 327
961 3669 1002 3718 Tot
1012 3674 1077 3717 reddet
1085 3673 1298 3738 fortunavirosqwe
1307 3680 1349 3724 eda

369 3752 480 3811 vacabunt,
500 3743 715 3803 adeunde—58.
734 3744 808 3810 sparto
825 3746 938 3808 praeclara
954 3746 987 3794 est
1007 3746 1104 3794 Aldine
1124 3749 1277 3799 emendatio:
1302 3769 1347 3817 pro

367 3826 479 3891 vulgari:
495 3837 568 3889 parco,
588 3818 626 3869 v'el
638 3820 816 3884 parta—61.
832 3824 907 3883 erfida
915 3828 1002 3886 jandins
1022 3824 1063 3869 ms.
1076 3822 1174 3880 Kalen,
1190 3828 1345 3877 numerosius.

367 3904 470 3953 ...62
489 3902 606 3951 Ee-calamo
619 3898 713 3945 recidiva
729 3900 772 3943 levi
782 3901 874 3945 munibat
884 3902 967 3946 orendo.
1002 3899 1111 3945 Primum
1128 3899 1233 3965 Scaliger
1250 3904 1294 3962 ait,
1311 3905 1347 3951 vi.

367 3979 459 4026 mineta
478 3990 501 4026 et
518 3975 658 4024 arundineta
674 3973 810 4021 muniendis
828 3974 904 4021 hortis
925 3981 966 4021 ant
992 3974 1084 4038 sepibus
1103 3975 1260 4026 obtendendia
1277 3980 1345 4030 usum

366 4056 477 4117 proestare
489 4070 536 4101 non
547 4053 630 4109 solere,
649 4050 754 4113 adeoque
766 4051 871 4115 refingit,
882 4045 998 4107 'minuebun
1016 4062 1110 4114 partem
1122 4051 1150 4097 de
1162 4051 1234 4101 horto
1245 4072 1345 4121 occupa-

364 4126 413 4175 bat.
446 4130 503 4174 Haec
522 4140 579 4173 uero
603 4124 713 4187 argutula
731 4124 794 4181 sunt,
814 4136 838 4172 et
858 4142 872 4171 a
890 4125 942 4172 loco
962 4125 1052 4183 aliena;
1076 4126 1187 4173 laudatur
1205 4130 1270 4177 enim
1289 4148 1346 4181 mor

364 4201 467 4250 hominis
492 4199 605 4247 industria
627 4199 657 4246 in*
672 4198 743 4247 horto
761 4200 869 4249 colendo.
904 4202 1069 4266 Cogitandum
1086 4202 1119 4250 est
1135 4203 1260 4255 hortulum
1278 4207 1345 4257 breui

362 4277 419 4340 solla
431 4274 497 4327 suiffe
508 4274 705 4339 circumdudiurm
730 4292 783 4342 quae
797 4276 875 4343 juncia
885 4277 959 4331 obfita
970 4290 1030 4335 erat.
1065 4282 1131 4331 Tum
1139 4294 1184 4346 pro
1194 4285 1273 4333 calm
1284 4298 1344 4337 vett.

1287 4362 1341 4413 edd.
