3225 5200
435 489 476 571 ⁴iv
701 483 1151 564 PRAEFATIO.

442 725 514 778 ana
525 694 865 803 Epigrammatum
878 710 915 772 et
929 691 1225 771 Poematiorum
1239 710 1412 776 veterum

442 831 670 930 solicitione
703 856 808 941 1590
826 820 865 907 et
888 827 1007 937 1596,
1037 828 1143 908 nulla
1168 845 1314 922 tamen,
1344 829 1414 911 nifi

440 967 482 1046 in
514 967 645 1075 paucis
675 967 784 1054 locis,
823 992 912 1073 quae
945 964 1146 1043 emendata
1175 963 1260 1044 sunt
1287 969 1412 1061 tacite,

433 1131 558 1216 ¹opera
575 1104 759 1184 collocata
770 1138 783 1193 ;
812 1102 853 1180 in
872 1100 1219 1215 Emendationibus
1249 1101 1297 1180 ad
1315 1105 1415 1182 Ροὲ-

441 1233 562 1315 matia
580 1253 780 1316 monetur:
812 1232 899 1312 lraec
911 1231 1111 1341 opuscula,
1131 1234 1311 1343 inprimis
1326 1265 1414 1317 vero

442 1371 640 1466 Culicem,
673 1372 784 1451 Cirin
813 1389 850 1449 et
869 1369 1042 1459 AEtnam,
1071 1370 1278 1477 ampliores
1305 1392 1413 1452 notas

442 1523 507 1586 aut
538 1509 667 1615 potius
697 1505 821 1615 justos
852 1506 1151 1582 commentarios
1184 1504 1415 1600 defiderare3

441 1641 574 1749 itaque
586 1668 629 1719 ea
641 1638 771 1747 seponi
782 1636 829 1716 ad
841 1637 1002 1716 meliora
1014 1638 1106 1716 otia.
1129 1637 1416 1719 IndeinHein-

439 1775 554 1855 fianis
568 1772 801 1864 editionibus
817 1770 960 1851 servata
974 1791 1127 1852 tantum
1145 1770 1232 1851 sunt
1246 1803 1304 1869 ea,
1328 1807 1416 1886 quae

441 1915 574 2021 aliqua
600 1910 735 1992 saltem
761 1936 854 1990 cum
883 1910 1028 1989 ratione
1048 1909 1237 2018 probabili
1259 1911 1306 1992 ad
1327 1913 1416 1993 Vir-

437 2051 582 2162 gilium
601 2047 733 2130 referri
751 2065 927 2158 poterant
942 2051 981 2127 *.

498 2325 604 2402 Cum
622 2321 943 2431 interpretationis
974 2322 1101 2401 omnis
1127 2322 1294 2407 severior
1320 2330 1418 2410 ratio

439 2461 659 2543 electionis
678 2462 835 2546 veritate
853 2459 1140 2568 proficiscatur:
1171 2463 1218 2542 in·
1231 2463 1307 2556 his,
1327 2490 1418 2574 quae

438 2624 464 2679 a
493 2626 556 2678 me
583 2599 748 2679 curanda
778 2619 899 2693 erant,
931 2600 1073 2680 criticae
1107 2597 1305 2682 subtilitati
1323 2631 1419 2682 con·-

435 2738 688 2847 jetiandique
719 2724 885 2820 licentiae
919 2738 1168 2838 tribuendum
1198 2761 1276 2821 erat
1306 2744 1417 2851 plus,

442 2900 564 2983 quam
582 2895 646 2956 aut
671 2904 755 2956 mos
785 2905 910 2970 meus,
941 2898 1005 2955 aut
1038 2877 1180 2970 otium,
1206 2896 1278 2958 -aut
1305 2881 1417 2991 inge-

437 3014 555 3091 nium
572 3010 724 3093 fortaffe
739 3011 905 3101 ferebat;
936 3040 1009 3091 nec
1027 3040 1204 3119 unquam
1220 3014 1266 3093 ad
1280 3043 1418 3098 ernen-

439 3147 557 3227 dandi
575 3148 649 3230 hoc
661 3178 795 3258 genus,
805 3148 912 3257 quod
926 3150 966 3227 in
981 3148 1106 3227 verbis
1122 3149 1419 3261 litterarumque

441 3283 616 3391 apicibus
635 3283 769 3377 haeret,
800 3282 886 3364 satis
905 3312 1046 3393 magna
1074 3312 1138 3363 me
1165 3284 1420 3394 propensione

440 3420 564 3499 animi
594 3418 682 3499 ferri
700 3421 864 3499 memini
876 3457 890 3510 ;
918 3420 986 3499 etsi
1013 3448 1084 3500 nec
1115 3420 1322 3503 detrectavi
1350 3440 1418 3503 aut

361 3552 362 3556 ¹
440 3557 583 3667 refugi,
615 3561 767 3668 quoties
787 3588 845 3640 res
876 3562 929 3639 ita
947 3558 1102 3650 ferebat,
1129 3581 1173 3641 ut
1190 3562 1418 3642 novandum

440 3693 590 3800 aliquid
621 3693 694 3773 elle
730 3694 917 3775 viderem.
976 3696 1181 3805 Majorem
1206 3718 1335 3779 tamen
1367 3728 1419 3778 ex

316 3846 317 3853 '
439 3829 581 3947 idonea
598 3831 907 3942 interpretatione
926 3862 1076 3927 eorum,
1097 3862 1185 3944 quae
1205 3833 1292 3914 sana
1310 3820 1416 3926 sunt,

1379 3989 1418 4049 et

476 4216 495 4251 ⁴*
516 4214 562 4287 De
583 4216 716 4297 scaligeri
738 4233 766 4277 et
787 4216 889 4279 Pithoei
911 4237 991 4297 opera
1009 4217 1047 4292 in,
1059 4217 1103 4276 his
1122 4214 1269 4277 Cataleffis
1281 4214 1419 4275 collocata

439 4318 496 4380 rid.
508 4321 656 4381 Burmann.
670 4320 730 4382 Sec.
743 4322 821 4401 praef.
834 4321 949 4382 Anthol.
961 4341 990 4400 p.
1004 4319 1113 4382 XXXI
1125 4319 1186 4397 sqq.
