3225 5200
553 552 996 627 cnuntncTn
1196 577 1307 657 ιῃ,

273 741 455 853 Namque,
482 752 620 826 fatebor
633 754 743 853 enim,
767 776 850 848 quae
864 754 1023 824 maxima
1037 752 1238 826 deterrendi

323 887 474 976 Debuit,
499 888 666 960 hortandi
683 891 843 960 maxima
859 888 974 960 caussa
989 888 1069 961 suit.

274 1023 391 1098 Pauca
407 1044 468 1098 tua
485 1026 524 1097 in
540 1027 672 1097 nostras
689 1045 860 1099 venerunt
875 1026 1034 1097 carmina
1049 1025 1199 1111 chartas,

327 1156 495 1228 Carmina
511 1179 595 1228 cum
612 1156 746 1251 lingua,
762 1173 843 1227 tum
858 1155 927 1226 sale
944 1155 1134 1250 Cecropi0.

278 1285 457 1370 Carmina,
474 1309 557 1379 quae
574 1283 730 1378 Pylium,
747 1284 859 1358 saeclis
876 1285 1026 1380 adcepta
1043 1284 1184 1374 suturis,
1216 1311 1253 1384 15

326 1418 506 1505 Carmina,
532 1443 615 1514 quae
634 1419 778 1512 Pylium
792 1418 936 1491 vincere
951 1420 1060 1514 digna
1076 1419 1205 1495 senem.

275 1552 440 1625 Molliter
456 1553 515 1626 hic
533 1553 640 1626 viridi
657 1554 792 1650 patulae
809 1554 873 1627 sub
890 1554 1049 1652 tegmine
1060 1577 1207 1650 quercus

325 1687 455 1760 Moeris
472 1688 625 1783 pastores
643 1707 678 1764 et
695 1689 890 1764 Meliboeus
906 1710 1005 1764 erant
1021 1728 1033 1776 ς

271 1825 404 1898 Dulcia
415 1826 587 1922 jaelmtes
604 1825 741 1932 alterno
756 1826 916 1898 carmina
931 1829 1044 1916 versu,

320 1959 454 2058 Qualia
469 1961 665 2034 Trinacriae
682 1962 808 2034 doctus
825 1980 920 2032 amat
931 1961 1087 2057 juvenis.
1205 1987 1251 2037 20

273 2095 453 2166 Certatim
467 2095 637 2168 ornabant
654 2119 777 2168 omnes
795 2096 955 2168 Heroida
972 2096 1089 2168 divae:

274 2327 344 2366 num
355 2313 463 2384 potitam
476 2305 599 2377 scribere,
624 2311 677 2367 hoc
695 2309 737 2386 ip·
785 2307 886 2367 davit:
908 2310 1046 2383 ,Carmina
1064 2332 1120 2388 quae
1133 2309 1250 2377 Peliam

273 2384 334 2441 snm
347 2403 390 2441 me
402 2385 487 2442 multo
507 2385 591 2463 magis
607 2387 737 2452 excitare,
783 2387 827 2443 vel
858 2388 986 2444 Carmina
1009 2409 1066 2464 quae
1088 2387 1250 2464 thgium

274 2461 445 2521 utscribam.
786 2465 899 2521 alterum
933 2463 985 2520 hoc
1011 2462 1107 2520 merito
1139 2463 1248 2540 praeferr

314 2558 360 2615 13.
381 2540 468 2601 Pauca
479 2554 526 2599 tua
544 2545 571 2599 in
586 2541 678 2619 nostras
690 2563 737 2596 ve·
785 2541 945 2609 Burmann„
967 2545 1046 2617 quem
1058 2539 1141 2609 vide3
1170 2556 1199 2599 ut
1215 2542 1248 2601 fit

269 2632 361 2675 uerunt
396 2627 509 2677 carmina
547 2617 658 2675 chartas.
710 2616 738 2674 Is
786 2618 924 2675 Tithonus
954 2618 996 2675 vel
1029 2618 1162 2676 Priamus.
1212 2618 1246 2677 In

267 2694 342 2751 enim
355 2692 406 2751 illo
419 2709 539 2771 tempore
552 2713 611 2751 mos
622 2706 691 2758 erat,
705 2709 736 2751 ut
783 2696 834 2753 ms.
854 2695 972 2752 Helmst.
986 2694 1032 2750 hic
1045 2694 1132 2751 versus
1145 2695 1247 2757 deerat.

267 2768 379 2828 studiofi
399 2772 528 2839 carmina,
552 2790 612 2847 quae
625 2768 654 2826 in
667 2769 736 2846 pub·
825 2792 869 2850 ¹7·
899 2770 968 2851 Qae
993 2769 1140 2847 sequuntur
1165 2772 1247 2849 usquc

268 2846 355 2904 licum
376 2846 498 2916 exibant,
525 2846 555 2903 in
567 2846 628 2903 suos
647 2846 737 2923 pugil·
783 2848 819 2905 ad
831 2869 857 2907 v.
869 2868 908 2923 40
921 2848 1031 2905 tractata
1041 2849 1091 2905 elle
1101 2850 1198 2906 necelse
1210 2852 1246 2907 cst

269 2924 339 2981 lares
362 2923 497 2982 referrent.
523 2922 561 2983 cf.
588 2922 735 2981 Burmann.
783 2924 813 2982 in
831 2924 925 3001 aliquo
938 2924 1055 2982 Messala
1067 2926 1198 2992 carmine,
1218 2943 1246 2983 et

269 3001 300 3057 h.
314 3000 336 3058 l.
783 3002 893 3077 quidem
905 3000 1027 3057 bucolici
1039 3002 1153 3079 generis.
1192 3004 1245 3061 Sed

312 3098 357 3153 14.
378 3080 503 3137 Carmina
521 3101 574 3136 cum
585 3077 735 3155 linguatum
783 3097 886 3145 vereor,
907 3091 937 3133 ut
949 3077 995 3133 vff.
1012 3096 1122 3155 17—20
1133 3096 1148 3131 a
1161 3086 1245 3155 polita

257 3154 320 3228 sale
347 3156 468 3231 Cecropio.
511 3156 581 3233 Qae
603 3155 654 3211 fint
677 3176 734 3213 car·
782 3156 881 3219 nostro,
893 3172 942 3210 nec
963 3154 1053 3229 potius
1065 3154 1099 3209 ab
1118 3155 1172 3210 alio
1185 3157 1246 3212 viro

269 3240 340 3291 mina
352 3233 413 3306 sale
427 3232 550 3309 Cecropio,
560 3230 640 3288 facile
652 3230 687 3287 est
699 3230 734 3289 ad
782 3231 874 3297 dotto,
894 3230 942 3305 qui
957 3230 1063 3286 hiatum
1075 3231 1182 3306 explere
1196 3252 1243 3288 vo-

267 3306 494 3387 intelligendum
514 3307 560 3365 sed
582 3306 649 3383 quid
672 3306 734 3365 sunt
782 3306 876 3373 luerit,
900 3306 1019 3383 profetia
1038 3306 1097 3364 fint.
1138 3306 1245 3365 Absunt

267 3390 384 3443 carmina
402 3386 518 3465 lingua?
547 3384 661 3443 Scilicet
681 3384 734 3441 erit
801 3402 899 3460 uoque,
912 3383 1176 3459 q'uodBurmannum
1189 3405 1246 3443 non

266 3462 460 3539 repetendum:
490 3461 578 3540 lingua
605 3462 732 3537 Cecropia.
781 3403 866 3536 Fugit,
896 3459 930 3515 ab
959 3458 1026 3515 edit.
1057 3460 1123 3518 Ald.
1160 3481 1243 3541 1517·

266 3538 311 3595 lta
324 3559 388 3597 vero
403 3540 502 3597 Graeca
514 3538 733 3595 carminaexarat
780 3536 896 3596 Molliter
916 3536 956 3594 hic
977 3551 1051 3593 erant
1076 3536 1121 3593 vix
1146 3540 1246 3608 Latine

266 3616 355 3673 noster
366 3618 468 3692 poeta?
489 3614 574 3671 Haud
587 3613 670 3671 dubie
682 3616 734 3671 At·
780 3614 883 3671 dictum
896 3612 942 3671 est.
970 3611 1021 3669 Vs.
1043 3631 1080 3671 20
1100 3614 1246 3674 Trinacriae

264 3692 324 3750 tica
337 3693 470 3769 elegantia
489 3704 516 3749 et
529 3690 627 3747 Attico
644 3692 733 3767 leporc
771 3694 890 3768 juvenis,
923 3689 971 3764 qui
995 3708 1050 3745 non
1076 3693 1162 3767 tnagis
1185 3694 1244 3749 dici

264 3768 388 3827 imbutos
406 3768 495 3826 versus
508 3767 644 3825 declarare
662 3768 730 3825 vult.
797 3770 874 3833 otest,
892 3765 1046 3823 emendatus
1062 3768 1098 3822 est
1110 3786 1125 3821 a
1138 3768 1244 3825 Brouk-

266 3844 352 3903 Forte
363 3846 399 3903 fic
412 3846 515 3923 praestat
532 3846 619 3921 legere
634 3863 642 3900 ι
663 3846 733 3902 Car·
779 3787 875 3899 Rufio:
891 3842 1027 3899 Trinacria
1029 3844 1245 3917 juvenisffheo.

264 3931 338 3982 mina
351 3946 404 3981 cum
417 3923 517 3999 lingua,
536 3938 589 3979 tum
598 3921 668 3995 sale,
682 3922 731 3978 Ce-
780 3918 876 3987 crime,
895 3922 946 3976 ὁέκ
957 3918 1097 3993 Τςινακίαις.
1116 3921 1155 3978 cf.
1177 3922 1244 3979 Bur-

264 4009 362 4076 cropia,
382 3998 412 4057 h.
427 4018 487 4075 quae
497 3998 548 4055 fint
560 3997 666 4065 Attica,
680 3998 733 4054 At·
784 4014 876 4052 mann.

264 4077 330 4135 ticis
343 4075 452 4141 fimilia,
463 4094 525 4132 cum
533 4074 665 4143 oratione,
676 4090 733 4131 tum
827 4092 873 4130 21.
905 4072 963 4128 Post
987 4091 1030 4137 ea,
1053 4092 1112 4149 quae
1134 4075 1245 4135 interci-

155 4148 160 4153 ’
264 4156 368 4232 lepore.
782 4151 847 4207 disse
877 4148 1013 4216 videntur,
1048 4151 1083 4205 ad
1120 4154 1244 4213 amafiam

310 4250 354 4308 ¹5·
388 4228 489 4307 Pylium
508 4228 552 4287 bis
565 4226 649 4285 otiose
663 4246 736 4305 repe·
783 4227 912 4293 Messala,
933 4224 1098 4284 carminibus
1107 4230 1163 4306 ejus
1175 4234 1245 4288 cele·
1339 4244 1342 4253 ·

264 4307 301 4377 ti,
322 4306 396 4367 vidit
408 4301 448 4367 N.
464 4305 593 4366 Heinsrus
605 4320 632 4364 ct
645 4324 734 4364 emen·
783 4306 898 4375 bratam,
923 4302 1104 4381 progreditur.
1155 4307 1245 4393 suspi·

376 4400 379 4405 '
1203 4404 1247 4450 cta
