3225 5200
404 482 472 556 1³6
542 477 582 554 P.
608 479 1221 561 VIRGILIIMARONIS

400 679 451 754 Et
468 679 662 776 prostitutae
679 698 783 774 turpe
795 681 1068 755 contubernium

449 816 596 886 Sororis.
647 815 682 885 Ο
697 815 783 910 quid
800 840 859 888 me
875 817 1027 890 incitas?

399 952 511 1049 Qid,
536 951 728 1047 impudice,
752 944 1204 1046 etimpmbande'Caesari?

448 1085 514 1154 Sed
535 1084 626 1154 surta
642 1084 806 1154 dicantur
819 1099 890 1169 tua,

398 1221 449 1293 Et
467 1222 608 1292 beluato
625 1219 695 1290 sera
712 1221 928 1315 patrimonio

447 1355 490 1426 In
508 1355 615 1426 fratre
629 1353 862 1448 parfimonia;

394 1491 460 1564 Vel
476 1493 552 1564 alla
566 1517 678 1587 puero
692 1517 776 1564 curn
792 1493 876 1562 viris
892 1490 1067 1581 convivia,

443 1626 609 1720 Udaeque
625 1649 689 1719 per
705 1624 868 1696 somnum
884 1647 1002 1715 nates;

394 1757 444 1830 Et
461 1757 570 1830 inscio
586 1776 729 1854 repente
744 1761 937 1834 clamatum
954 1754 1065 1861 super,

444 1893 629 1981 Thalasfio,
654 1895 840 1971 Thalassio.

273 2126 276 2133 ,
394 2028 495 2126 Qid
510 2027 678 2122 palluisti,
701 2029 858 2104 femina?
880 2058 926 2104 an
936 2034 1014 2131 jo'ci
1030 2038 1176 2112 dolent?

442 2163 500 2233 An
518 2161 607 2233 saera
624 2165 805 2259 cognoscis
821 2170 905 2240 tua?

392 2293 476 2370 Non
494 2321 553 2368 me
570 2297 710 2368 vocabis
724 2301 871 2392 pulchra
888 2329 951 2402 per
962 2307 1121 2403 Cotyttia

340 2432 342 2436 ’
439 2430 499 2499 Ad
517 2429 655 2501 feriatos
670 2431 840 2508 fascinos:
1122 2458 1126 2467 ’
1240 2452 1361 2529 20

390 2557 468 2639 Nec
485 2567 565 2639 dein
583 2592 724 2644 movere
741 2573 882 2651 lumbos
898 2580 935 2655 in
951 2587 1169 2661 crocotulam
1191 2677 1193 2681 v

435 2700 570 2774 Prensis
587 2707 715 2781 videbo
730 2714 896 2791 altaribus
909 2756 920 2803 ;

426 2939 455 3001 7.
487 2922 596 3012 Noram
631 2932 719 3023 versus
744 2936 851 2998 orditur
900 2940 942 3011 X,
962 2950 1113 3025 p.72113.,
1133 2931 1363 3029 quiclafficusloss

386 2995 559 3096 sententium:
589 3024 725 3095 experrtur
745 3013 850 3104 scilieet
898 3025 955 3095 cus)
972 3023 1072 3084 Veneri
1098 3028 1133 3085 ab
1151 3030 1298 3110 impudicis
1311 3033 1362 3090 ho·

385 3091 458 3133 nunc
470 3096 563 3154 poeta,
582 3085 647 3157 quid
669 3086 746 3145 furor
756 3108 783 3150 et
795 3092 848 3149 lin-
898 3095 1016 3157 minibus
1028 3101 1128 3161 habitis
1134 3126 1233 3184 pompa
1244 3107 1362 3167 fascinos

384 3170 440 3285 ἔα
465 3154 596 3215 maledica
620 3162 715 3222 valeat.
754 3166 848 3245 Itaque
895 3174 1009 3249 gestatos
1033 3179 1094 3247 else,
1131 3182 1274 3259 probabile
1309 3186 1359 3242 fit:

432 3249 493 3289 cum
507 3230 651 3306 Scriverio,
670 3241 714 3298 vel
728 3242 789 3313 Hel,
806 3247 847 3302 le·
894 3268 959 3327 ergo
956 3259 1082 3330 feriatus,
1091 3278 1140 3335 pro
1150 3251 1237 3329 festus,
1256 3260 1360 3320 diuum

382 3308 510 3381 gendum.
895 3326 1013 3389 videtur.

427 3400 470 3441 ro.
499 3387 530 3441 Si
545 3388 691 3481 ¹legendum
717 3412 778 3453 cum
801 3416 847 3456 eo·
933 3426 980 3464 21.
1006 3428 1051 3468 22.
1089 3410 1210 3491 Scaliger
1234 3414 1361 3491 praeclare

382 3456 455 3514 dem.
493 3462 568 3536 Qud
585 3469 725 3544 ?ſsfurta
736 3476 849 3534 drcentur
894 3482 1063 3542 emendavitr'
1082 3488 1209 3560 alaribus,
1223 3507 1253 3547 ut
1266 3498 1358 3569 emgl-

382 3540 456 3591 rua?
892 3580 939 3627 για
965 3558 1015 3617 sint
1047 3564 1096 3620 alae
1109 3627 1113 3638 ,
1125 3568 1204 3623 vestis
1228 3574 1357 3639 c‘rocotae,

416 3627 468 3699 αις.
500 3613 622 3692 Impurus
644 3618 726 3678 horno
751 3626 845 3685 mulie·
894 3651 958 3708 quas
987 3634 1035 3694 ille
1057 3640 1225 3700 muliebriter
1249 3645 1359 3703 vestitur

381 3684 444 3777 bne
455 3691 538 3767 pallus
551 3706 685 3779 remquam
699 3716 747 3773 pro
760 3719 845 3779 nupta
891 3723 919 3763 et
936 3712 1106 3773 muliebriter
1134 3719 1242 3786 saltans,
1271 3722 1360 3780 addus

380 3761 500 3835 habitus,
519 3788 564 3824 cur
580 3769 696 3860 sollenne
715 3773 784 3833 illud
797 3799 843 3837 ac·
891 3785 942 3857 cit,
974 3809 1008 3847 ne
1032 3792 1171 3853 saltantem
1196 3796 1358 3874 impediantc

380 3840 550 3903 clamaretur.
590 3844 666 3906 l‘lrnc
683 3848 756 3909 idem
777 3874 842 3914 mox
889 3867 918 3919 in
930 3868 1049 3925 crocotula
1061 3889 1142 3945 porro
1155 3862 1242 3930 lenior
1251 3874 1287 3930 est
1302 3895 1359 3933 me·

379 3920 641 4010 appellarusspmina.
889 3939 992 4011 dicina,
1013 3965 1092 4020 quarn
1103 3957 1145 4015 ea',
1165 3970 1246 4025 quam
1271 3948 1359 4009 scari-

420 4014 464 4072 19.
485 3997 585 4056 Melius
606 4002 744 4082 sequentia
755 4008 840 4069 inter·
887 4033 937 4091 ger
947 4018 1057 4078 adhibet
1075 4033 1132 4081 toto
1146 4024 1221 4082 versu
1234 4027 1359 4109 transpo⁶

376 4072 499 4145 rogando
519 4075 674 4137 efferuntur.
713 4082 839 4146 Insrcris
887 4092 955 4152 fito:
990 4098 1097 4155 Movere
1109 4100 1199 4159 lumbos
1220 4126 1263 4161 nec
1286 4108 1357 4172 dein,

376 4144 509 4235 Cotytriis
523 4154 608 4223 (erant
626 4174 658 4243 ⁶²}
678 4160 839 4222 exinitiisa
885 4172 1012 4231 crocotula
1035 4176 1136 4252 Prenfis
1154 4178 1244 4237 videbo
1269 4180 1356 4239 alari-

376 4218 528 4284 Thrrcrbus
550 4245 676 4307 acceptis.
704 4254 731 4297 r.
746 4238 841 4301 Strabo
884 4243 957 4308 bus?
1223 4266 1228 4271 “

994 4346 999 4353 ”
1239 4332 1352 4410 ηοΙᾹ·
