3225 5200
407 541 484 631 ,ηε
546 532 587 605 Ρ.
629 518 917 605 umerum
965 517 1264 608 Manouts

417 734 517 809 Dum
529 730 632 805 sacris
645 746 789 827 operata
801 729 878 806 deae
894 726 1044 817 lascivit,
1068 744 1105 801 et
1116 746 1217 802 extra

416 865 583 947 Procedit
598 864 704 960 longe
722 879 879 933 matrum
898 859 1145 953 comitumque
1168 819 1365 947 catervams

419 983 627 1093 Suspensum
643 998 798 1093 gaudens
815 996 852 1066 in
868 1018 1015 1089 corpore
1028 992 1148 1063 ludere
1165 984 1308 1081 vestem,

416 1128 467 1201 Et
479 1130 635 1202 tumidos
652 1131 811 1228 agitante
828 1127 920 1197 smus
932 1127 1113 1220 Aquilone
1128 1126 1298 1197 relaxans.
1325 1143 1393 1223 145
1443 1128 1447 1135 ’

399 1261 584 1335 Necdum
596 1249 703 1335 etiam
720 1260 830 1332 callos
841 1256 1034 1351 agitaverat
1051 1254 1143 1351 ignis
1155 1256 1317 1341 honores,

370 1494 372 1499 Ι
419 1394 589 1469 Necdum
603 1374 765 1464 sollemni
778 1386 925 1483 lympha
941 1384 1082 1480 perfusa
1094 1350 1252 1456 sacerdos

417 1524 585 1599 Pallentis
597 1526 691 1598 foliis
702 1538 810 1616 caput
820 1532 1004 1590 exornarat
1018 1514 1145 1585 olivaez
1217 1599 1220 1607 Ι

419 1659 515 1730 Cum
530 1658 653 1731 labsae
674 1652 838 1727 manibus
859 1648 951 1744 fugit
971 1646 1057 1740 pila,
1080 1667 1234 1739 cumque
1255 1642 1391 1715 relabsa

418 1786 597 1859 Procurrit
610 1786 731 1881 virgo:
758 1805 830 1877 quo
842 1778 977 1866 utinam
995 1800 1039 1846 ne
1053 1775 1194 1871 prodita
1212 1768 1297 1848 ludo
1324 1796 1396 1871 150

419 1924 538 1995 Aurea
553 1940 626 1992 tam
646 1914 771 2015 gracili
788 1910 939 1984 solvisset
953 1931 1101 2004 corpora
1113 1906 1231 2002 palla!
1250 1899 1253 1905 ’

331 2051 334 2057 ’
419 2056 563 2139 Omnia,
587 2074 668 2149 quae
684 2047 834 2119 retinere
848 2040 1010 2140 gradum,
1035 2038 1246 2136 cursumque
1261 2032 1394 2110 morari

453 2200 508 2248 143.
524 2197 609 2235 caterva
617 2182 671 2230 edd.
682 2190 741 2228 vett·
755 2188 779 2227 et
792 2176 866 2226 Aldd.
894 2178 1004 2220 'canevam
1015 2169 1222 2237 indeaJuntinat
1248 2170 1394 2220 hocverius.

418 2264 540 2323 --.146.
560 2266 586 2313 F.
596 2262 692 2308 Nondum
697 2262 756 2321 jam.
791 2255 859 2301 Tum
869 2256 989 2315 agitaverat
1002 2259 1083 2296 ortum
1094 2266 1123 2297 ex
1139 2254 1232 2315 agitavere
1246 2250 1297 2313 sup.
1307 2248 1377 2295 versu
1387 2266 1399 2300 ς

418 2340 500 2389 Heius.
513 2340 575 2402 conj.
585 2336 711 2384 adoleverat.
745 2333 804 2376 Sane
813 2330 934 2393 gustaverat
943 2324 1085 2373 emendabat
1095 2326 1195 2374 Loenfit
1206 2324 1221 2374 l.
1229 2342 1249 2374 c.
1262 2340 1314 2388 cap.
1325 2323 1358 2373 26
1366 2338 1396 2371 ex

418 2416 505 2471 Aldd.‚
523 2413 586 2477 quod
595 2422 618 2459 et
629 2410 673 2459 ms.
687 2405 820 2453 Helmllad.
831 2402 934 2467 legebat.
947 2422 949 2425 ⁴
966 2400 1051 2464 Accipi
1062 2400 1110 2448 hoc
1127 2401 1218 2465 potest:
1243 2402 1298 2463 ignis
1309 2402 1396 2446 mum

413 2494 534 2558 gustaverat
544 2491 633 2543 bonores,
647 2485 670 2531 h.
680 2477 935 2543 vidlimam.-7-148.
952 2478 1062 2535 Pallentis.
1099 2478 1144 2525 Ed.
1155 2476 1242 2525 Pithoei
1249 2476 1352 2522 Pallantis
1362 2491 1395 2523 an

420 2566 544 2615 Palladia?
559 2563 637 2628 inquit
649 2559 732 2608 Heius.
743 2576 750 2618 3
766 2558 805 2606 sed
818 2556 836 2605 s.
848 2557 952 2605 Albentis.
989 2554 1200 2621 Qtorsumtamen
1209 2552 1276 2610 haee;
1290 2562 1346 2600 cum
1356 2552 1395 2618 ip·

419 2643 444 2692 se
455 2643 571 2708 Virgilius
582 2635 696 2688 Passerem
707 2637 783 2682 olivam
795 2634 897 2690 diierit3
912 2631 963 2682 vid.
973 2631 1025 2680 Ecl.
1036 2632 1071 2688 V,
1084 2629 1245 2692 16.—149.
1260 2631 1347 2692 relapsa
1357 2631 1397 2680 vol

419 2723 496 2766 relaxae
509 2730 568 2766 vett.
579 2717 640 2784 edd„
668 2713 713 2761 Sed
722 2712 787 2760 redle
800 2729 882 2773 cumque
892 2711 982 2773 relapsta,
997 2706 1046 2754 scil.
1058 2707 1107 2771 pila
1116 2707 1236 2771 procurrit
1246 2704 1324 2767 virgo.
1360 2704 1396 2752 At

419 2797 501 2845 Heius.
513 2811 559 2843 em.
571 2812 651 2856 cumque
662 2792 742 2853 relapfia
753 2791 908 2854 ess—150.
923 2786 976 2848 φοί
984 2788 1015 2830 uti
1025 2803 1049 2829 ne
1054 2794 1081 2848 p.
1093 2780 1167 2830 Aldd.
1188 2792 1213 2829 et
1229 2780 1274 2829 ms.
1288 2779 1395 2828 Helmll·

422 2889 497 2940 -7-1
500 2885 540 2932 51.
558 2873 632 2919 Aurea
641 2879 683 2913 tum
694 2865 757 2912 sorte
768 2864 905 2927 legendum.
929 2865 980 2924 jam
988 2869 1046 2907 vett.
1060 2859 1114 2906 edd.
1122 2870 1146 2905 et
1150 2859 1249 2920 pallam
1265 2854 1338 2902 etiam
1347 2854 1396 2912 Alf

420 2949 489 2998 dinae.
523 2958 604 3012 corpore
610 2945 691 3009 pallam
700 2941 743 2988 ms.
756 2939 859 2987 Helmst.
893 2938 957 2984 Cum
973 2934 1003 2984 cl.
1022 2935 1108 2998 Jacobs
1125 2931 1227 2997 suspicor
1244 2929 1395 2996 fuissestrip·

419 3038 486 3077 tumr
504 3027 610 3072 Auratam
617 3021 696 3086 gracili
698 3015 971 3082 fielvssetcorparepallam.
1006 3011 1087 3059 Heius.
1098 3011 1159 3073 conj.
1181 3011 1254 3057 Aurea
1264 3018 1308 3053 sam
1315 3008 1395 3070 gracili

411 3095 705 3168 filossescorporepallam!
740 3095 851 3140 Greene:
878 3091 918 3156 Ast
939 3092 1017 3135 umnam
1035 3085 1197 3133 tre-Auratam
1213 3085 1293 3148 gracili
1302 3083 1397 3148 solviffcs

419 3193 501 3248 corpore
507 3181 589 3246 pallam
597 3171 721 3234 !·-·-*152
733 3171 768 3235 sq.
791 3167 986 3236 lnterpnndlione
1001 3181 1028 3213 ac
1039 3163 1188 3214 dinnuione
1199 3161 1281 3210 locum
1291 3160 1326 3208 ita
1336 3177 1396 3210 conr·

619 3299 621 3309 t
1296 3236 1396 3292 stituilse

462 3383 526 3437 144·
553 3373 615 3433 145.
639 3351 715 3410 Velle
734 3351 819 3430 igitur
840 3369 881 3407 te·
928 3347 1024 3404 detur:
1044 3341 1102 3405 etsr,
1121 3358 1180 3471 ‹ppae
1193 3337 1222 3393 in
1240 3331 1394 3392 eaviolatae

421 3435 520 3504 cineta,
540 3435 637 3498 soluta,
656 3429 770 3497 incedit,
791 3442 820 3485 ut
832 3447 882 3483 au·
930 3419 1067 3498 religionis
1078 3435 1128 3474 cau
1149 3413 1268 3478 alateat,
1287 3409 1394 3468 nonas·

419 3533 489 3581 ram,
528 3530 581 3587 qua
621 3521 764 3573 recreetur,
807 3503 881 3560 exci-
928 3501 1033 3574 sequor.
1067 3491 1218 3550 Videamus
1230 3486 1329 3544 verba:
1349 3489 1395 3546 ho-

405 3591 486 3670 ,piat
929 3599 997 3634 nores
1009 3580 1074 3650 ignis
1092 3573 1166 3644 ccfios
1178 3567 1282 3625 nondum
1305 3574 1392 3640 agita·

459 3670 524 3742 146.
559 3682 621 3740 147.
658 3663 722 3735 148.
759 3656 882 3714 Obscura
929 3666 1008 3708 verat
1025 3647 1156 3710 sacerdos,
1174 3644 1205 3700 h.
1225 3661 1251 3698 e.
1270 3640 1393 3696 nondum

418 3743 560 3806 sententia,
579 3758 658 3816 quam
684 3755 732 3792 nec
760 3731 882 3808 Scaliger
930 3726 1038 3785 flabello
1050 3743 1114 3782 aura
1123 3718 1321 3800 agitataignem
1335 3717 1396 3773 suc*

417 3817 498 3879 habet
512 3817 647 3896 quomodo
659 3813 793 3890 expediat.
824 3813 881 3878 An,
930 3804 1056 3861 tenderat
1065 3802 1095 3858 in
1106 3819 1161 3856 ara.
1200 3819 1243 3854 nec
1265 3796 1323 3850 dum
1338 3792 1394 3867 sol·

412 3899 522 3974 inquit,
541 3894 660 3966 nondum
682 3889 816 3945 initiatam
840 3885 881 3941 sa·
930 3879 1125 3943 lenna-oliva,
1152 3875 1181 3932 lt.
1207 3890 1257 3930 nec
1283 3888 1315 3926 ea
1341 3867 1394 3926 rite

420 3976 474 4032 cris
497 3971 612 4047 Junonia
633 3967 774 4040 intelligit,
806 3964 882 4037 cujus
930 3956 987 4014 lota
1014 3971 1094 4032 caput
1117 3972 1151 4010 ex
1172 3963 1247 4007 more
1258 3945 1397 4007 sacrorum

395 4093 396 4098 κ
419 4067 543 4126 ageretur
563 4049 628 4118 ἀγὼν
648 4042 761 4119 ¹quidam
775 4055 883 4116 napea·
930 4034 1007 4091 sertis
1016 4049 1043 4090 et
1055 4031 1148 4090 infulis
1157 4029 1297 4084 velaverat.

419 4127 515 4202 δὲχοςι
536 4145 568 4179 an
582 4119 781 4178 nondumsacra
790 4118 825 4173 ab
836 4135 882 4171 an·
974 4130 1037 4188 ¹50·
1064 4111 1165 4186 prodita
1188 4103 1334 4188 eleganter,
1364 4095 1394 4156 in

418 4204 502 4260 tistita
514 4213 687 4278 patrata-an
708 4195 798 4282 potius
817 4211 884 4247 non·
929 4205 1058 4252 errorem,
1078 4183 1210 4244 fraudem,
1229 4176 1348 4232 inducta.

419 4279 486 4337 dum
498 4275 608 4352 nupfille
631 4269 781 4346 intell1git?
821 4266 883 4324 Me·
973 4284 1035 4340 ¹52·
1055 4260 1177 4316 Obscura
1186 4266 1213 4310 et
1227 4251 1321 4308 hiulca
1337 4261 1398 4310 tota

420 4355 465 4416 dia
485 4350 613 4414 sententia
633 4367 696 4406 veto
714 4343 826 4426 propior
843 4342 885 4403 ui·
931 4341 988 4397 haec
1000 4337 1097 4397 oratio.
1117 4332 1175 4394 rid.
1189 4328 1257 4388 Var.
1268 4327 1345 4387 teu.
1380 4391 1383 4398 ¹

1258 4418 1265 4427 “
1329 4409 1415 4514 1δῆ
