3225 5200
631 534 928 653 cuiun.¹
1023 489 1027 500 ’

272 734 403 805 Omnis
420 749 460 806 ut
478 730 633 802 historiae
649 755 712 826 per
728 729 1029 802 ludumconsonet
1045 731 1134 802 ordo

276 873 437 960 Notitiae,
462 873 592 944 ducam
607 895 727 942 voces:
752 872 835 942 licet
852 871 991 944 invidus
1005 871 1106 946 adsit.
1233 885 1251 958 ς

277 1006 444 1103 Qisquis
463 1007 531 1078 erit
548 1008 690 1100 culpare
700 1005 801 1102 jocos
820 1005 1031 1103 Musamque
1046 1022 1211 1102 paratus:

279 1138 433 1212 Pondere
451 1140 506 1208 vel
527 1105 660 1210 Culicis
677 1137 789 1206 levior
806 1136 970 1232 famaque
986 1137 1126 1209 seretur.

277 1267 446 1340 Posterius
462 1268 625 1362 graviore
643 1267 725 1338 sono
740 1268 806 1338 tibi
825 1268 929 1338 Musa
945 1270 1110 1364 loquetur

277 1399 419 1508 Nostra:
437 1401 571 1490 dabunt
584 1424 667 1470 cum
680 1398 817 1471 securos
831 1403 922 1483 mihi
931 1421 1091 1498 tempora
1103 1400 1249 1477 frudius:

310 1595 333 1638 4.
345 1596 369 1642 5.
380 1583 474 1646 'partim
485 1599 514 1631 ex
532 1580 646 1644 Scaligeri
665 1579 833 1629 emendatione
844 1584 934 1647 partim
953 1586 1048 1635 aliunde
1068 1587 1192 1636 constituta
1203 1585 1251 1634 lec-

280 1655 322 1703 tio.
357 1661 469 1724 Vulgata,
486 1677 559 1723 quam
571 1659 659 1705 Badius
670 1669 694 1704 et
705 1658 856 1708 Taubmauu.
877 1677 931 1708 cum
947 1663 1046 1710 Barthio
1061 1663 1145 1710 frustra
1163 1678 1251 1711 conan-

276 1746 316 1783 tur
326 1737 484 1802 interpretari,
502 1742 527 1786 in
541 1752 600 1786 vett.
614 1737 665 1784 edd.
679 1748 741 1784 erat:
775 1739 846 1784 Omnis
864 1751 882 1786 ee
902 1742 973 1794 b.-c‚
998 1763 1016 1789 0.
1038 1746 1162 1805 Nautaque
1181 1745 1252 1787 ducum

275 1831 344 1872 ναίεις
384 1831 427 1862 nec
457 1815 558 1862 Bembus
577 1815 703 1878 quicquam
723 1814 834 1870 mutavit,
859 1814 902 1861 nili
919 1818 983 1880 quod
1007 1820 1078 1865 Omnis
1100 1830 1122 1865 ut
1141 1815 1253 1864 correxit·

275 1888 412 1952 Legebatur
424 1892 521 1954 quidem
528 1891 552 1936 in
565 1888 688 1936 nonnuliis
700 1889 810 1936 Nutritae:
827 1889 899 1936 etiam
912 1893 1027 1941 Nutricer:
1043 1894 1081 1941 sed
1093 1893 1137 1942 hoc
1145 1893 1251 1955 interpo-

274 1967 351 2016 latum
363 1981 391 2011 er
403 1966 487 2012 vitiosa
499 1965 600 2012 lettione
612 1979 618 2010 :
637 1965 766 2025 Notitraeque
776 1979 821 2026 pro
832 1967 967 2027 Notitiaeque.
1003 1972 1030 2015 ln
1040 1969 1126 2032 quibus
1137 1984 1191 2015 cum
1200 1967 1251 2013 sen.

276 2041 352 2087 tentia
364 2041 450 2086 idonea
461 2055 511 2087 non
522 2049 662 2095 occurreret,
677 2037 784 2100 Scaliger
795 2039 950 2088 emendabat:
970 2044 1040 2089 Omnis
1051 2053 1073 2088 ut
1083 2045 1171 2108 hssoriae
1176 2042 1250 2104 prolu-

273 2119 321 2164 dens
333 2119 418 2176 consonet
428 2120 476 2161 ordo
487 2117 585 2172 Nolitrae,
599 2117 668 2160 ducum
679 2133 746 2178 vocem
757 2115 819 2170 licet3
841 2118 923 2162 invidus
942 2119 999 2182 obsti.
1032 2116 1174 2164 Emendatio
1193 2114 1252 2162 dura

280 2205 305 2241 et
315 2191 405 2248 coatia,
421 2203 446 2238 et
457 2192 522 2254 cujus
533 2191 621 2238 sensum
630 2191 678 2254 ipse
690 2191 729 2236 vix
737 2189 792 2237 satis
800 2189 872 2237 habet
883 2195 1005 2253 quomodo
1015 2205 1133 2258 exponat:
1160 2201 1183 2237 ut
1190 2192 1251 2236 omnis

278 2271 326 2314 ordo
336 2269 426 2333 hfioriae
445 2279 523 2314 notttrae
545 2269 637 2332 carpenel,
662 2273 731 2313 durum
743 2285 818 2314 vocem.
852 2267 958 2315 Deducanr
968 2275 1153 2316 voceminrelum
1169 2257 1270 2313 tenuiet‘

274 2346 360 2402 humili,
375 2346 463 2412 utstilur
474 2349 577 2392 conveniat
587 2349 689 2394 ualeriae.
724 2347 754 2392 Et
762 2347 869 2408 proludere
878 2347 976 2408 quidem
987 2349 1030 2396 ms.
1044 2347 1130 2396 Pithoei
1142 2345 1254 2404 habebat,

276 2420 316 2469 sed
328 2437 374 2483 quo
386 2419 472 2470 seusu?
488 2438 518 2470 an
530 2438 582 2484 pro,
596 2421 685 2468 ludens?
719 2423 886 2488 Qantovero
903 2423 987 2472 melius
1001 2436 1042 2489 per
1052 2428 1135 2476 ludum:
1159 2423 1197 2470 cui
1209 2423 1251 2470 ad·

272 2495 390 2560 scriptum
402 2496 463 2545 forte
472 2498 586 2562 glossema
598 2501 653 2562 (pro
674 2501 757 2560 ladem)
771 2498 870 2560 arripuit
885 2498 995 2549 librarius
1005 2500 1123 2548 Pithoeani
1133 2498 1253 2561 exempla·

276 2571 316 2619 ris.
349 2575 440 2621 Notitiae
448 2576 538 2639 hylo-ia
548 2575 628 2639 jungit
640 2575 753 2639 Scaliger,
769 2585 796 2623 ut
809 2572 837 2621 fit
852 2589 897 2637 pro
908 2576 1011 2640 hssoricae,
1026 2587 1053 2623 ut
1070 2585 1107 2623 tot
1124 2574 1169 2623 alia
1186 2575 1251 2638 apud

275 2654 361 2713 politas
372 2661 507 2699 occurrunt.
542 2654 688 2696 ducerevocem
707 2661 742 2707 ut,
756 2652 826 2695 ducere
837 2651 900 2717 tilurrr.
934 2651 1154 2699 BarthiusAduers.
1164 2651 1251 2709 XXX,

277 2738 317 2781 24,
333 2738 357 2773 et
367 2726 437 2784 XlX,
455 2742 482 2787 ¹3
499 2727 561 2773 miro
569 2728 677 2774 acumine
690 2730 778 2773 Notitiae
783 2730 881 2791 pecudum
891 2746 948 2775 voces
959 2729 1039 2793 legere
1050 2729 1168 2778 suadebat.
1203 2725 1251 2774 Sed

276 2816 319 2849 nec
338 2802 376 2849 hic
395 2819 438 2849 uec
449 2803 474 2849 in
486 2804 578 2849 caeteris
588 2804 715 2867 quicquam
726 2802 831 2867 proficit.
865 2804 947 2851 Heius.
957 2808 1053 2852 adducam
1064 2824 1129 2868 quem
1139 2807 1198 2861 licen
1221 2812 1249 2850 ut

278 2878 305 2927 fit
315 2881 407 2925 adducere
416 2898 492 2935 uocem,
508 2880 655 2927 contrarium
666 2884 774 2925 remittere.
812 2878 879 2925 Mihi
891 2880 988 2941 quidum
1005 2881 1034 2926 de
1054 2879 1098 2927 hoc
1109 2878 1161 2927 loco
1169 2878 1203 2926 ita
1212 2878 1250 2925 vi-

278 2952 354 3001 detur.
386 2955 448 3002 Cum
458 2962 537 3000 totum
545 2952 591 2999 hoc
605 2954 726 3001 exordium
739 2953 792 2999 satis
801 2952 911 3015 jejunum
920 2953 958 3012 fit,
973 2954 1143 3017 interpolatum
1154 2968 1249 3017 quoque

277 3027 336 3077 illud
347 3028 379 3077 est
391 3044 436 3075 av.
451 3040 464 3087 3
476 3030 506 3074 ad
519 3042 541 3087 7,
557 3028 582 3076 in
593 3029 678 3090 quibus
689 3028 749 3076 nihil
760 3028 801 3085 est,
819 3029 882 3091 quod
891 3045 938 3075 non
948 3028 1056 3093 ineptum
1068 3029 1249 3076 versificatorem

275 3105 390 3153 redoleat.
427 3106 478 3151 Nec
491 3114 571 3152 tamen
584 3104 737 3167 interpolatio
746 3104 856 3169 'profetia
866 3104 895 3151 ab
906 3120 954 3151 una
965 3120 1052 3152 manu:
1080 3119 1137 3151 nam
1148 3104 1181 3150 vs.
1191 3117 1206 3162 5
1219 3101 1250 3149 ab

274 3180 381 3239 homine,
396 3180 480 3227 inscito
491 3180 596 3242 prorsus,
611 3181 712 3228 insertus
732 3181 842 3238 videtur3
870 3196 884 3227 a
902 3179 1057 3228 dodiorevff.
1070 3195 1092 3240 3.
1108 3196 1124 3236 4
1137 3176 1250 3243 Lufimm:

272 3258 318 3306 baec
323 3268 409 3321 propter
421 3258 497 3300 culitis
506 3256 554 3317 sint
564 3259 655 3302 carmina
666 3260 730 3313 diota,
748 3256 819 3301 Omnis
831 3265 854 3300 ul
864 3256 953 3320 bssorr'ae
958 3267 1000 3319 per
1016 3258 1083 3301 ludum
1094 3259 1179 3316 confhnet
1190 3260 1250 3317 νόος

274 3332 300 3385 h.
310 3350 333 3381 e.
348 3334 411 3380 Cum
421 3330 484 3377 lusus
492 3330 537 3378 hoc
548 3330 593 3378 effe
601 3332 685 3379 debeat
696 3347 800 3388 carmen,
817 3346 905 3378 nomen
916 3347 1010 3395 quoque
1018 3331 1121 3395 imposui
1131 3331 1250 3401 ludicrum

276 3410 372 3468 Culicis,
386 3419 411 3457 ul
422 3412 485 3455 omnis
496 3408 647 3473 hfiorr'aeordo,
662 3408 687 3455 h.
700 3419 751 3456 tota
763 3409 876 3465 narratio,
892 3411 978 3470 consonet
986 3419 1027 3470 per
1044 3408 1123 3464 ludum,
1140 3406 1164 3454 h.
1188 3407 1250 3455 ludi.

277 3502 315 3535 tra
326 3486 361 3544 lit,
377 3484 429 3549 ipso
440 3500 536 3552 quoque
549 3484 631 3534 titulo.
665 3486 712 3533 His
723 3485 841 3554 adscripsit
850 3485 959 3533 indodius
969 3484 1042 3533 homo
1056 3485 1165 3534 barbare:
1184 3490 1249 3534 Noti·

277 3568 326 3611 tiam
347 3567 419 3609 ducunt
440 3579 515 3607 vocer:
539 3576 595 3624 pro=
621 3564 678 3611 daut
697 3578 774 3619 voces,
789 3562 895 3615 nomina,
911 3560 985 3617 tituli,
1001 3561 1121 3619 notitiam,
1136 3562 1185 3611 scil.
1204 3564 1249 3618 rei,

279 3655 330 3709 quat
343 3638 466 3687 tradatur.
500 3640 558 3685 Haec
570 3653 643 3701 prave
660 3639 745 3703 scripta
757 3638 786 3686 ab
798 3638 862 3685 aliie:
882 3629 1028 3684 n'otrtra'ruri
1038 3657 1109 3697 vocem
1126 3639 1188 3686 unde
1196 3639 1250 3686 vul·

276 3715 340 3779 garis
352 3714 421 3767 leelio
434 3724 518 3772 enata;
543 3714 599 3764 hiuc
610 3731 638 3762 ex
649 3714 713 3779 seqq.
728 3716 834 3779 expletus
844 3712 935 3760 versus:
951 3717 997 3762 licet
1015 3720 1097 3762 invidus
1107 3717 1164 3778 affe.
1197 3716 1250 3760 Du·

275 3791 326 3839 bito
338 3790 517 3849 ueroomnino,
534 3806 563 3837 an
571 3802 626 3837 ante
638 3792 731 3837 versum
743 3806 771 3847 41
784 3791 910 3852 quicquam
924 3787 960 3843 sit,
976 3792 1065 3850 quoda
1083 3793 1181 3835 Marone
1193 3802 1248 3848 pro-

275 3868 366 3915 sedlum
375 3866 420 3913 esse
433 3864 616 3923 dixeris.--—7.
627 3868 717 3927 seratur
727 3864 819 3913 mauult
829 3866 915 3924 Scalig.
928 3873 952 3908 et
963 3860 1132 3909 lleiul.-·8.
1148 3859 1193 3923 Post
1202 3865 1251 3920 erit,

274 3956 298 3994 „a
304 3964 334 4009 gr
341 3946 498 4001 gar-loquatur
506 3942 614 3989 emendat
628 3941 745 3993 Heinsius.
776 3942 878 4009 Pollnius
887 3949 968 3984 tamen
977 3939 1143 3999 apudLucret.
1155 3952 1250 4001 quoque

273 4010 383 4069 decurrit.
413 4016 666 4081 g.svnoMufi1quems.
682 4013 871 4075 Helmst.-9.
888 4009 1030 4061 Diuavoff.
1063 4012 1186 4060 dadanum
1188 4016 1250 4076 secu·

1216 4109 1249 4137 705

313 4276 341 4329 4.
366 4275 394 4333 ς,
424 4271 452 4312 ut
473 4262 546 4312 omnis
571 4255 627 4311 ordo
647 4261 742 4311 notitiae
786 4254 936 4329 periurium,
944 4255 1031 4312 ducam
1040 4252 1154 4319 voces,h.
1164 4252 1247 4309 dedu·

274 4331 392 4409 bssoriae,
412 4350 461 4410 pro
475 4330 617 4400 historica,
636 4337 744 4410 carminat
791 4348 976 4400 camerinam.
996 4331 1052 4390 Sed
1062 4330 1161 4387 v.Var.
1172 4329 1248 4387 Lea.
1269 4400 1271 4404 7

1206 4422 1250 4478 13.
