3225 5200
436 445 440 453 '
546 468 933 548 ruc1u1u.
1188 503 1233 585 ,ς

245 671 309 771 qul
338 669 462 767 potuit
488 666 656 755 carminis
673 664 740 741 effe
763 667 852 741 alius
883 665 993 741 serior
1017 668 1153 757 anblor,
1176 674 1239 767 qui

245 821 290 867 ex
334 790 494 887 Virgilio
529 786 686 885 plurima
730 806 962 877 mutuaretur,
1001 791 1058 863 vel
1100 793 1239 891 quiid

243 913 381 1017 agerer,
409 934 451 989 ut
478 913 622 1011 Virgilii
649 936 784 987 nomeu
809 934 844 987 et
870 912 1117 991 auuoritatem
1132 941 1237 992 meu-

248 1046 391 1123 ¹tiretur.

303 1159 593 1237 Commemoravi
622 1158 737 1235 adbuc
759 1183 812 1249 ea,
835 1184 905 1257 que
920 1160 1108 1261 probabile
1122 1162 1238 1239 faeere

249 1283 389 1383 poffinu
413 1282 458 1355 ad
471 1282 660 1387 Maronem
680 1282 859 1395 auelorem
876 1282 945 1359 hoc
970 1307 1115 1360 carmen
1143 1285 1237 1361 refe-

251 1406 408 1483 rendum
419 1399 494 1473 elie.
545 1398 648 1470 Alias
673 1401 825 1473 rationes
847 1401 984 1472 Barthii
1011 1404 1235 1505 aliorumque

250 1552 319 1607 nec
337 1544 616 1601 commemorare
640 1520 755 1617 juvat,
780 1546 846 1597 nee
874 1547 963 1622 opus
983 1526 1045 1611 est,
1066 1551 1154 1603 curu
1178 1554 1236 1604 eas
1279 1574 1283 1583 ι

250 1654 389 1729 dudum
400 1647 598 1745 exposuerit
611 1672 651 1720 ac
665 1634 823 1728 refellere
836 1650 1006 1728 studuerit
1018 1652 1234 1729 doeriffimus

249 1774 395 1861 Praesui,
420 1772 537 1869 Justus
561 1772 775 1849 Fontaniuus
790 1774 829 1849 iu
844 1775 940 1851 Hist.
966 1776 1054 1851 Litt.
1071 1777 1231 1873 Aquilei.

246 1925 284 2003 p.
303 1922 323 1999 3
330 1920 364 1993 ς.
415 1878 555 1971 Eodem
565 1899 646 1973 loco
661 1923 791 1997 magua
803 1901 1024 1999 cumjudieii
1035 1902 1231 1979 subtilitate

247 2048 289 2100 ae
307 2023 472 2099 dostrina
488 2026 542 2121 vir
555 2024 769 2099 douiffimus
786 2051 831 2101 ex
841 2027 986 2123 Virgilii
1004 2028 1084 2101 Ecl.
1095 2027 1171 2124 Vl,
1187 2052 1234 2125 74

249 2145 329 2243 sqq.
348 2170 473 2219 verum
497 2146 587 2221 Ciris
613 2149 793 2236 auelorem
824 2150 948 2225 eruiffe
967 2149 1058 2225 visus
1074 2152 1145 2239 est,
1181 2172 1233 2243 ut,

250 2268 352 2367 quod
371 2269 534 2346 Gifauius
551 2268 627 2369 jam
653 2274 743 2347 olim
760 2272 955 2373 suspicatus
979 2291 1063 2361 erat,
1087 2275 1234 2353 Barthio

248 2418 339 2471 mox
360 2394 546 2491 probante,
570 2394 599 2465 is
628 2394 743 2465 Gallus
770 2395 825 2482 lit,
849 2394 951 2491 cujus
977 2398 1135 2471 carmina
1159 2395 1231 2477 illie

250 2516 407 2592 versibus
418 2517 578 2615 attigerit
594 2516 701 2614 poe'ta
716 2520 832 2614 plura,
856 2520 948 2591 iuter
970 2542 1050 2615 quae
1065 2520 1139 2594 duo
1152 2520 1232 2612 fue-

247 2641 341 2718 rint:
377 2642 541 2730 alterum,
578 2645 674 2740 quod
702 2669 795 2716 nunc
829 2644 1011 2734 habemur,
1046 2646 1151 2734 Ciris,
1184 2649 1231 2722 de

202 2799 207 2806 ·
248 2768 378 2864 Scylla,
402 2767 480 2845 Nifi
499 2767 539 2857 f„
564 2769 600 2845 iu
617 2769 724 2856 cirim
740 2787 885 2854 mutata,
905 2771 1055 2846 alterum
1068 2772 1114 2848 de
1130 2771 1233 2866 Scyl.

250 2897 298 2984 la,
322 2894 449 2968 Phorci
459 2894 551 2971 filia:
589 2893 685 2990 Quid
698 2895 833 2988 loquor?
872 2909 930 2968 aut
956 2896 1091 2988 Scyllam
1124 2895 1230 2996 Nrfi?

245 3031 306 3090 aut
322 3016 649 3114 quamsamastquula
675 3013 717 3113 est
735 3014 875 3090 Candida
880 3017 1077 3108 succinblam
1102 3010 1231 3092 latrab-

246 3143 333 3218 tibus
348 3142 478 3236 inguina
494 3140 633 3232 monstris
645 3139 818 3218 Dulichias
830 3143 955 3234 vexcffi
964 3156 1091 3213 rateset
1098 3148 1228 3241 gurgite

246 3265 280 3344 in
293 3265 358 3336 alto
373 3259 428 3340 Ab
443 3263 569 3342 timidos
592 3250 708 3342 nautas
741 3266 868 3338 canibus
895 3264 1040 3354 laceraffi’
1066 3265 1230 3342 marinis?

246 3386 333 3464 Nou
360 3385 539 3482 equidem,
563 3405 748 3482 tamquam
770 3385 850 3465 satis
868 3385 996 3471 valida,
1020 3403 1229 3481 argumenta

246 3507 369 3585 omnia
391 3509 597 3605 ampleelar,
633 3535 715 3608 quae
739 3513 799 3588 ille
824 3511 968 3594 attulit;
1006 3534 1079 3585 nou
1105 3530 1228 3587 tamen

244 3634 436 3730 quiequam
467 3633 659 3732 ingeniosa:
693 3635 908 3734 eonjeelurae
936 3635 1072 3710 obstare
1098 3637 1227 3714 video:

190 3829 193 3834 Δ
245 3755 413 3829 convenit
456 3755 555 3828 enim
599 3776 683 3830 aetas
713 3753 824 3828 ¹Galli
857 3781 898 3830 ac
932 3755 1111 3828 Meilalae:
1161 3757 1227 3831 nifi

243 3880 341 3974 quod
377 3879 525 3952 difficile
557 3882 606 3953 eil
637 3884 681 3954 ad
715 3870 1000 3980 intelligendum,
1041 3903 1112 3973 quo
1143 3904 1228 3954 cum
1330 3873 1334 3878 ’

243 4001 381 4099 pudore
420 4019 476 4074 tot
517 4027 559 4075 ex
598 4004 673 4078 Ciri
710 4006 777 4083 hac
815 4002 931 4077 versus
972 4001 1148 4098 Virgilius
1189 4004 1225 4076 iu
1269 4047 1273 4055 ·

240 4126 299 4200 sua
329 4129 491 4204 earmina
519 4149 579 4206 aut
607 4157 650 4206 ex
683 4134 738 4209 his
766 4130 892 4205 Gallus
921 4131 958 4203 in
986 4131 1085 4210 Cirin
1113 4131 1227 4229 adop·
1268 4137 1273 4146 ’

1149 4272 1225 4330 tare
