<?xml version="1.0" encoding="UTF-8"?>
<!DOCTYPE html PUBLIC "-//W3C//DTD XHTML 1.0 Transitional//EN"
    "http://www.w3.org/TR/xhtml1/DTD/xhtml1-transitional.dtd">
<html xmlns="http://www.w3.org/1999/xhtml" xml:lang="en" lang="en">
 <head>
  <title>
</title>
<meta http-equiv="Content-Type" content="text/html;charset=utf-8" />
  <meta name='ocr-system' content='tesseract 3.04.00' />
  <meta name='ocr-capabilities' content='ocr_page ocr_carea ocr_par ocr_line ocrx_word'/>
</head>
<body>
  <div class='ocr_page' id='page_1' title='image "./operavarietatel02virggoog/operavarietatel02virggoog_0182.png"; bbox 0 0 3225 5200; ppageno 0'>
   <div class='ocr_carea' id='block_1_1' title="bbox 479 434 1225 592">
    <p class='ocr_par' dir='ltr' id='par_1_1' title="bbox 479 434 1225 592">
     <span class='ocr_line' id='line_1_1' title="bbox 479 434 1225 592; baseline 0.005 -26"><span class='ocrx_word' id='word_1_1' title='bbox 479 434 956 566; x_wconf 60' lang='lat' dir='ltr'>.cATALEcTA·</span> <span class='ocrx_word' id='word_1_2' title='bbox 1159 502 1225 592; x_wconf 54' lang='grc' dir='ltr'>κὴ</span> 
     </span>
    </p>
   </div>
   <div class='ocr_carea' id='block_1_2' title="bbox 246 685 1221 1054">
    <p class='ocr_par' dir='ltr' id='par_1_2' title="bbox 246 685 1221 1054">
     <span class='ocr_line' id='line_1_2' title="bbox 246 685 960 790; baseline -0.01 -22"><span class='ocrx_word' id='word_1_3' title='bbox 246 685 481 790; x_wconf 76' lang='lat' dir='ltr'>Thucydides</span> <span class='ocrx_word' id='word_1_4' title='bbox 499 711 665 788; x_wconf 86' lang='lat' dir='ltr'>tyrannus</span> <span class='ocrx_word' id='word_1_5' title='bbox 683 691 818 764; x_wconf 84' lang='lat' dir='ltr'>Atticae</span> <span class='ocrx_word' id='word_1_6' title='bbox 840 690 960 778; x_wconf 86' lang='lat' dir='ltr'>febris,</span> 
     </span>
     <span class='ocr_line' id='line_1_3' title="bbox 251 821 1065 920; baseline -0.007 -22"><span class='ocrx_word' id='word_1_7' title='bbox 251 825 329 898; x_wconf 91' lang='lat' dir='ltr'>Tau</span> <span class='ocrx_word' id='word_1_8' title='bbox 347 824 534 896; x_wconf 85' lang='lat' dir='ltr'>Gallicum</span> <span class='ocrx_word' id='word_1_9' title='bbox 552 824 663 920; x_wconf 87' lang='lat' dir='ltr'>spinae</span> <span class='ocrx_word' id='word_1_10' title='bbox 680 821 830 918; x_wconf 87' lang='lat' dir='ltr'><strong>ipsemet</strong></span> <span class='ocrx_word' id='word_1_11' title='bbox 846 824 941 894; x_wconf 89' lang='lat' dir='ltr'>male</span> <span class='ocrx_word' id='word_1_12' title='bbox 956 821 1065 909; x_wconf 84' lang='lat' dir='ltr'>illifit,</span> 
     </span>
     <span class='ocr_line' id='line_1_4' title="bbox 249 954 1221 1054; baseline -0.007 -21"><span class='ocrx_word' id='word_1_13' title='bbox 249 961 319 1033; x_wconf 85' lang='lat' dir='ltr'>Ista</span> <span class='ocrx_word' id='word_1_14' title='bbox 333 957 466 1044; x_wconf 84' lang='lat' dir='ltr'>omnia,</span> <span class='ocrx_word' id='word_1_15' title='bbox 491 956 554 1028; x_wconf 86' lang='lat' dir='ltr'>ista</span> <span class='ocrx_word' id='word_1_16' title='bbox 572 955 679 1040; x_wconf 86' lang='lat' dir='ltr'>verba</span> <span class='ocrx_word' id='word_1_17' title='bbox 695 954 838 1028; x_wconf 84' lang='lat' dir='ltr'>miscuit</span> <span class='ocrx_word' id='word_1_18' title='bbox 853 956 964 1028; x_wconf 84' lang='lat' dir='ltr'>fratri.</span> <span class='ocrx_word' id='word_1_19' title='bbox 1201 969 1221 1054; x_wconf 75' lang='grc' dir='ltr'><strong><em>ς</em></strong></span> 
     </span>
    </p>
   </div>
   <div class='ocr_carea' id='block_1_3' title="bbox 250 1151 1231 4225">
    <p class='ocr_par' dir='ltr' id='par_1_3' title="bbox 250 1151 1231 4225">
     <span class='ocr_line' id='line_1_5' title="bbox 252 1151 1224 1240; baseline 0 -29"><span class='ocrx_word' id='word_1_20' title='bbox 252 1154 327 1212; x_wconf 76' lang='lat' dir='ltr'>tariis</span> <span class='ocrx_word' id='word_1_21' title='bbox 335 1168 362 1212; x_wconf 87' lang='lat' dir='ltr'>et</span> <span class='ocrx_word' id='word_1_22' title='bbox 370 1153 422 1211; x_wconf 85' lang='lat' dir='ltr'>suis</span> <span class='ocrx_word' id='word_1_23' title='bbox 433 1168 461 1211; x_wconf 87' lang='lat' dir='ltr'>et</span> <span class='ocrx_word' id='word_1_24' title='bbox 472 1153 588 1210; x_wconf 76' lang='lat' dir='ltr'>alibrum</span> <span class='ocrx_word' id='word_1_25' title='bbox 601 1151 711 1209; x_wconf 88' lang='lat' dir='ltr'>instruc·</span> <span class='ocrx_word' id='word_1_26' title='bbox 759 1164 881 1226; x_wconf 68' lang='lat' dir='ltr'>tyrannus</span> <span class='ocrx_word' id='word_1_27' title='bbox 892 1151 986 1209; x_wconf 75' lang='lat' dir='ltr'>Attieae</span> <span class='ocrx_word' id='word_1_28' title='bbox 989 1152 1078 1240; x_wconf 74' lang='lat' dir='ltr'>febris</span> <span class='ocrx_word' id='word_1_29' title='bbox 1090 1151 1163 1220; x_wconf 75' lang='lat' dir='ltr'>effer,</span> <span class='ocrx_word' id='word_1_30' title='bbox 1174 1151 1224 1230; x_wconf 88' lang='lat' dir='ltr'>qui</span> 
     </span>
     <span class='ocr_line' id='line_1_6' title="bbox 252 1227 1222 1306; baseline 0.002 -20"><span class='ocrx_word' id='word_1_31' title='bbox 252 1243 310 1288; x_wconf 88' lang='lat' dir='ltr'>tum</span> <span class='ocrx_word' id='word_1_32' title='bbox 321 1253 328 1288; x_wconf 75' lang='grc' dir='ltr'><strong><em>ε</em></strong></span> <span class='ocrx_word' id='word_1_33' title='bbox 359 1231 434 1306; x_wconf 88' lang='lat' dir='ltr'>super</span> <span class='ocrx_word' id='word_1_34' title='bbox 456 1231 516 1287; x_wconf 83' lang='lat' dir='ltr'>aliis</span> <span class='ocrx_word' id='word_1_35' title='bbox 528 1230 563 1286; x_wconf 91' lang='lat' dir='ltr'>ad</span> <span class='ocrx_word' id='word_1_36' title='bbox 577 1230 711 1305; x_wconf 83' lang='lat' dir='ltr'>Interpre·</span> <span class='ocrx_word' id='word_1_37' title='bbox 758 1227 914 1295; x_wconf 73' lang='lat' dir='ltr'>dominatur</span> <span class='ocrx_word' id='word_1_38' title='bbox 925 1229 955 1286; x_wconf 89' lang='lat' dir='ltr'>in</span> <span class='ocrx_word' id='word_1_39' title='bbox 967 1231 1069 1306; x_wconf 81' lang='lat' dir='ltr'>fngore</span> <span class='ocrx_word' id='word_1_40' title='bbox 1082 1231 1133 1288; x_wconf 83' lang='lat' dir='ltr'>ino</span> <span class='ocrx_word' id='word_1_41' title='bbox 1145 1231 1222 1288; x_wconf 68' lang='lat' dir='ltr'>Attia</span> 
     </span>
     <span class='ocr_line' id='line_1_7' title="bbox 251 1303 1223 1387; baseline 0.001 -24"><span class='ocrx_word' id='word_1_42' title='bbox 251 1321 291 1365; x_wconf 81' lang='lat' dir='ltr'>tes</span> <span class='ocrx_word' id='word_1_43' title='bbox 322 1306 503 1387; x_wconf 75' lang='lat' dir='ltr'>Qinfflliani</span> <span class='ocrx_word' id='word_1_44' title='bbox 527 1320 554 1363; x_wconf 87' lang='lat' dir='ltr'>et</span> <span class='ocrx_word' id='word_1_45' title='bbox 585 1305 713 1374; x_wconf 89' lang='lat' dir='ltr'>Ausonii,</span> <span class='ocrx_word' id='word_1_46' title='bbox 758 1303 967 1363; x_wconf 70' lang='lat' dir='ltr'>cismiaffediati.</span> <span class='ocrx_word' id='word_1_47' title='bbox 993 1305 1046 1363; x_wconf 83' lang='lat' dir='ltr'>Sed</span> <span class='ocrx_word' id='word_1_48' title='bbox 1059 1308 1155 1366; x_wconf 90' lang='lat' dir='ltr'>melior</span> <span class='ocrx_word' id='word_1_49' title='bbox 1167 1310 1223 1366; x_wconf 82' lang='lat' dir='ltr'>iec-</span> 
     </span>
     <span class='ocr_line' id='line_1_8' title="bbox 251 1380 1225 1458; baseline 0.002 -17"><span class='ocrx_word' id='word_1_50' title='bbox 251 1399 309 1441; x_wconf 84' lang='lat' dir='ltr'>tum</span> <span class='ocrx_word' id='word_1_51' title='bbox 319 1386 354 1442; x_wconf 89' lang='lat' dir='ltr'>ad</span> <span class='ocrx_word' id='word_1_52' title='bbox 363 1387 433 1442; x_wconf 89' lang='lat' dir='ltr'>Sam.</span> <span class='ocrx_word' id='word_1_53' title='bbox 441 1383 521 1442; x_wconf 84' lang='lat' dir='ltr'>Petit.</span> <span class='ocrx_word' id='word_1_54' title='bbox 529 1382 648 1440; x_wconf 87' lang='lat' dir='ltr'>Miscell.</span> <span class='ocrx_word' id='word_1_55' title='bbox 658 1381 713 1451; x_wconf 87' lang='lat'>111,</span> <span class='ocrx_word' id='word_1_56' title='bbox 761 1380 819 1436; x_wconf 89' lang='lat' dir='ltr'>tin:</span> <span class='ocrx_word' id='word_1_57' title='bbox 877 1383 1030 1458; x_wconf 66' lang='lat' dir='ltr'>ihucydider</span> <span class='ocrx_word' id='word_1_58' title='bbox 1073 1387 1225 1444; x_wconf 64' lang='lat' dir='ltr'>Britannus</span> 
     </span>
     <span class='ocr_line' id='line_1_9' title="bbox 250 1456 1224 1548; baseline 0.004 -32"><span class='ocrx_word' id='word_1_59' title='bbox 250 1459 407 1537; x_wconf 86' lang='lat' dir='ltr'>9remittit.</span> <span class='ocrx_word' id='word_1_60' title='bbox 445 1461 486 1516; x_wconf 95' lang='lat' dir='ltr'>Ut</span> <span class='ocrx_word' id='word_1_61' title='bbox 511 1460 604 1548; x_wconf 70' lang='lat' dir='ltr'>paucis</span> <span class='ocrx_word' id='word_1_62' title='bbox 628 1459 638 1516; x_wconf 94' lang='lat' dir='ltr'>i</span> <span class='ocrx_word' id='word_1_63' title='bbox 660 1458 715 1516; x_wconf 89' lang='lat' dir='ltr'>itur</span> <span class='ocrx_word' id='word_1_64' title='bbox 762 1456 836 1514; x_wconf 89' lang='lat' dir='ltr'>Tum</span> <span class='ocrx_word' id='word_1_65' title='bbox 845 1476 895 1534; x_wconf 88' lang='lat' dir='ltr'>pro</span> <span class='ocrx_word' id='word_1_66' title='bbox 897 1460 984 1536; x_wconf 85' lang='lat' dir='ltr'>febris</span> <span class='ocrx_word' id='word_1_67' title='bbox 992 1464 1096 1529; x_wconf 74' lang='lat' dir='ltr'>Attice,</span> <span class='ocrx_word' id='word_1_68' title='bbox 1116 1470 1149 1519; x_wconf 80' lang='grc' dir='ltr'>τῦ</span> <span class='ocrx_word' id='word_1_69' title='bbox 1158 1467 1224 1520; x_wconf 76' lang='lat' dir='ltr'>&#39;Ar-</span> 
     </span>
     <span class='ocr_line' id='line_1_10' title="bbox 252 1535 1224 1616; baseline 0.003 -22"><span class='ocrx_word' id='word_1_70' title='bbox 252 1536 446 1616; x_wconf 83' lang='lat' dir='ltr'>defungamur:</span> <span class='ocrx_word' id='word_1_71' title='bbox 468 1539 629 1613; x_wconf 85' lang='lat' dir='ltr'>Scnptume</span> <span class='ocrx_word' id='word_1_72' title='bbox 657 1535 715 1612; x_wconf 87' lang='lat' dir='ltr'>epi·</span> <span class='ocrx_word' id='word_1_73' title='bbox 760 1542 877 1604; x_wconf 71' lang='grc' dir='ltr'>τικισμᾶ,</span> <span class='ocrx_word' id='word_1_74' title='bbox 896 1537 997 1611; x_wconf 69' lang='lat' dir='ltr'>praestat</span> <span class='ocrx_word' id='word_1_75' title='bbox 1018 1539 1170 1613; x_wconf 62' lang='lat' dir='ltr'>conjectura</span> <span class='ocrx_word' id='word_1_76' title='bbox 1181 1540 1224 1597; x_wconf 79' lang='lat' dir='ltr'>vi·</span> 
     </span>
     <span class='ocr_line' id='line_1_11' title="bbox 272 1611 1226 1682; baseline 0.004 -12"><span class='ocrx_word' id='word_1_77' title='bbox 272 1633 372 1672; x_wconf 86' lang='lat' dir='ltr'>ramma</span> <span class='ocrx_word' id='word_1_78' title='bbox 390 1614 419 1670; x_wconf 89' lang='lat' dir='ltr'>in</span> <span class='ocrx_word' id='word_1_79' title='bbox 436 1614 473 1672; x_wconf 90' lang='lat' dir='ltr'>C.</span> <span class='ocrx_word' id='word_1_80' title='bbox 488 1613 611 1682; x_wconf 84' lang='lat' dir='ltr'>Annium</span> <span class='ocrx_word' id='word_1_81' title='bbox 636 1611 713 1669; x_wconf 90' lang='lat' dir='ltr'>Cim·</span> <span class='ocrx_word' id='word_1_82' title='bbox 759 1630 849 1669; x_wconf 87' lang='lat' dir='ltr'>rorum</span> <span class='ocrx_word' id='word_1_83' title='bbox 863 1611 1023 1672; x_wconf 72' lang='lat' dir='ltr'>dostornm:</span> <span class='ocrx_word' id='word_1_84' title='bbox 1042 1617 1125 1673; x_wconf 83' lang='lat' dir='ltr'>Attice</span> <span class='ocrx_word' id='word_1_85' title='bbox 1146 1617 1226 1680; x_wconf 60' lang='lat' dir='ltr'>chrisa</span> 
     </span>
     <span class='ocr_line' id='line_1_12' title="bbox 251 1622 1224 1777; baseline 0.006 -31"><span class='ocrx_word' id='word_1_86' title='bbox 251 1633 330 1748; x_wconf 67' lang='lat' dir='ltr'>dnum</span> <span class='ocrx_word' id='word_1_87' title='bbox 353 1691 512 1758; x_wconf 80' lang='lat' dir='ltr'>Rhetorem‚</span> <span class='ocrx_word' id='word_1_88' title='bbox 531 1689 579 1777; x_wconf 79' lang='lat' dir='ltr'>qui</span> <span class='ocrx_word' id='word_1_89' title='bbox 603 1687 713 1746; x_wconf 80' lang='lat' dir='ltr'>fratrem</span> <span class='ocrx_word' id='word_1_90' title='bbox 760 1687 789 1746; x_wconf 89' lang='lat' dir='ltr'>h.</span> <span class='ocrx_word' id='word_1_91' title='bbox 816 1691 935 1749; x_wconf 65' lang='grc' dir='ltr'>Ἀττική·</span> <span class='ocrx_word' id='word_1_92' title='bbox 968 1690 1072 1749; x_wconf 82' lang='lat' dir='ltr'>Attica.</span> <span class='ocrx_word' id='word_1_93' title='bbox 1122 1622 1224 1753; x_wconf 55' lang='lat' dir='ltr'>ierim</span> 
     </span>
     <span class='ocr_line' id='line_1_13' title="bbox 253 1765 1224 1841; baseline 0.005 -17"><span class='ocrx_word' id='word_1_94' title='bbox 253 1787 354 1824; x_wconf 87' lang='lat' dir='ltr'>veneno</span> <span class='ocrx_word' id='word_1_95' title='bbox 367 1768 520 1824; x_wconf 83' lang='lat' dir='ltr'>sustulerat:</span> <span class='ocrx_word' id='word_1_96' title='bbox 542 1767 615 1822; x_wconf 86' lang='lat' dir='ltr'>rdem</span> <span class='ocrx_word' id='word_1_97' title='bbox 629 1767 714 1824; x_wconf 82' lang='lat' dir='ltr'>malus</span> <span class='ocrx_word' id='word_1_98' title='bbox 760 1778 871 1841; x_wconf 79' lang='lat' dir='ltr'>quartus</span> <span class='ocrx_word' id='word_1_99' title='bbox 883 1765 962 1824; x_wconf 90' lang='lat' dir='ltr'>debet</span> <span class='ocrx_word' id='word_1_100' title='bbox 975 1767 1086 1825; x_wconf 89' lang='lat' dir='ltr'>nomina</span> <span class='ocrx_word' id='word_1_101' title='bbox 1095 1768 1224 1829; x_wconf 77' lang='lat' dir='ltr'>exhibere</span> 
     </span>
     <span class='ocr_line' id='line_1_14' title="bbox 252 1841 1222 1931; baseline 0.004 -31"><span class='ocrx_word' id='word_1_102' title='bbox 252 1843 367 1911; x_wconf 90' lang='lat' dir='ltr'>Rhetor,</span> <span class='ocrx_word' id='word_1_103' title='bbox 385 1845 434 1921; x_wconf 88' lang='lat' dir='ltr'>qui</span> <span class='ocrx_word' id='word_1_104' title='bbox 447 1860 504 1911; x_wconf 83' lang='lat' dir='ltr'>aur,</span> <span class='ocrx_word' id='word_1_105' title='bbox 516 1842 589 1931; x_wconf 84' lang='lat' dir='ltr'>quod</span> <span class='ocrx_word' id='word_1_106' title='bbox 602 1841 632 1900; x_wconf 82' lang='lat' dir='ltr'>in</span> <span class='ocrx_word' id='word_1_107' title='bbox 645 1842 715 1899; x_wconf 91' lang='lat' dir='ltr'>Gal·</span> <span class='ocrx_word' id='word_1_108' title='bbox 759 1843 802 1898; x_wconf 90' lang='lat' dir='ltr'>vel</span> <span class='ocrx_word' id='word_1_109' title='bbox 811 1842 924 1899; x_wconf 86' lang='lat' dir='ltr'>barbara</span> <span class='ocrx_word' id='word_1_110' title='bbox 932 1845 975 1900; x_wconf 88' lang='lat' dir='ltr'>vel</span> <span class='ocrx_word' id='word_1_111' title='bbox 984 1845 1222 1905; x_wconf 68' lang='lat' dir='ltr'>affeeiateautbar-</span> 
     </span>
     <span class='ocr_line' id='line_1_15' title="bbox 251 1917 1223 1996; baseline 0.003 -19"><span class='ocrx_word' id='word_1_112' title='bbox 251 1920 288 1978; x_wconf 87' lang='lat' dir='ltr'>lia</span> <span class='ocrx_word' id='word_1_113' title='bbox 310 1935 387 1978; x_wconf 84' lang='lat' dir='ltr'>natus</span> <span class='ocrx_word' id='word_1_114' title='bbox 410 1935 438 1978; x_wconf 87' lang='lat' dir='ltr'>et</span> <span class='ocrx_word' id='word_1_115' title='bbox 451 1919 714 1976; x_wconf 82' lang='lat' dir='ltr'>inBrrtanniafnrte</span> <span class='ocrx_word' id='word_1_116' title='bbox 760 1917 824 1975; x_wconf 89' lang='lat' dir='ltr'>bare</span> <span class='ocrx_word' id='word_1_117' title='bbox 838 1919 987 1978; x_wconf 85' lang='lat' dir='ltr'>enuntiata.</span> <span class='ocrx_word' id='word_1_118' title='bbox 1026 1922 1223 1996; x_wconf 69' lang='lat' dir='ltr'>Amplectenda</span> 
     </span>
     <span class='ocr_line' id='line_1_16' title="bbox 250 1993 1225 2076; baseline -0.001 -20"><span class='ocrx_word' id='word_1_119' title='bbox 250 2012 335 2056; x_wconf 84' lang='lat' dir='ltr'>artem</span> <span class='ocrx_word' id='word_1_120' title='bbox 347 1997 472 2074; x_wconf 80' lang='lat' dir='ltr'>professus</span> <span class='ocrx_word' id='word_1_121' title='bbox 484 2009 552 2063; x_wconf 89' lang='lat' dir='ltr'>erat,</span> <span class='ocrx_word' id='word_1_122' title='bbox 564 1996 643 2054; x_wconf 90' lang='lat' dir='ltr'>verba</span> <span class='ocrx_word' id='word_1_123' title='bbox 652 1996 713 2053; x_wconf 85' lang='lat' dir='ltr'>bar·</span> <span class='ocrx_word' id='word_1_124' title='bbox 760 1993 853 2070; x_wconf 89' lang='lat' dir='ltr'>itaque</span> <span class='ocrx_word' id='word_1_125' title='bbox 875 1995 1000 2053; x_wconf 68' lang='lat' dir='ltr'>haetenus</span> <span class='ocrx_word' id='word_1_126' title='bbox 1021 2011 1068 2053; x_wconf 87' lang='lat' dir='ltr'>ant</span> <span class='ocrx_word' id='word_1_127' title='bbox 1091 1998 1225 2076; x_wconf 73' lang='lat' dir='ltr'>scaligeri</span> 
     </span>
     <span class='ocr_line' id='line_1_17' title="bbox 252 2071 1225 2152; baseline 0.002 -22"><span class='ocrx_word' id='word_1_128' title='bbox 252 2074 321 2131; x_wconf 86' lang='lat' dir='ltr'>baro</span> <span class='ocrx_word' id='word_1_129' title='bbox 333 2093 408 2130; x_wconf 89' lang='lat' dir='ltr'>more</span> <span class='ocrx_word' id='word_1_130' title='bbox 431 2087 459 2128; x_wconf 91' lang='lat' dir='ltr'>et</span> <span class='ocrx_word' id='word_1_131' title='bbox 481 2073 580 2129; x_wconf 85' lang='lat' dir='ltr'>soloeco</span> <span class='ocrx_word' id='word_1_132' title='bbox 591 2091 712 2150; x_wconf 86' lang='lat' dir='ltr'>pronun-</span> <span class='ocrx_word' id='word_1_133' title='bbox 760 2071 857 2129; x_wconf 73' lang='lat' dir='ltr'>leffin:</span> <span class='ocrx_word' id='word_1_134' title='bbox 878 2071 938 2131; x_wconf 75' lang='lat' dir='ltr'>Tau</span> <span class='ocrx_word' id='word_1_135' title='bbox 966 2072 1103 2142; x_wconf 81' lang='lat' dir='ltr'>Gallicum,</span> <span class='ocrx_word' id='word_1_136' title='bbox 1124 2085 1225 2152; x_wconf 82' lang='lat' dir='ltr'>minip-</span> 
     </span>
     <span class='ocr_line' id='line_1_18' title="bbox 253 2147 1224 2224; baseline 0.003 -17"><span class='ocrx_word' id='word_1_137' title='bbox 253 2150 353 2218; x_wconf 83' lang='lat' dir='ltr'>tiabat,</span> <span class='ocrx_word' id='word_1_138' title='bbox 372 2164 419 2205; x_wconf 88' lang='lat' dir='ltr'>ant</span> <span class='ocrx_word' id='word_1_139' title='bbox 431 2147 569 2206; x_wconf 84' lang='lat' dir='ltr'>insolentia</span> <span class='ocrx_word' id='word_1_140' title='bbox 580 2165 606 2206; x_wconf 84' lang='lat' dir='ltr'>et</span> <span class='ocrx_word' id='word_1_141' title='bbox 617 2149 714 2206; x_wconf 86' lang='lat' dir='ltr'>barba·</span> <span class='ocrx_word' id='word_1_142' title='bbox 751 2153 848 2223; x_wconf 74' lang='lat' dir='ltr'>firmet</span> <span class='ocrx_word' id='word_1_143' title='bbox 868 2149 907 2216; x_wconf 87' lang='lat' dir='ltr'>al,</span> <span class='ocrx_word' id='word_1_144' title='bbox 926 2157 952 2204; x_wconf 89' lang='lat' dir='ltr'>ei</span> <span class='ocrx_word' id='word_1_145' title='bbox 965 2149 1054 2224; x_wconf 73' lang='lat' dir='ltr'>illfir:</span> <span class='ocrx_word' id='word_1_146' title='bbox 1085 2150 1224 2210; x_wconf 76' lang='lat' dir='ltr'>inwdem</span> 
     </span>
     <span class='ocr_line' id='line_1_19' title="bbox 255 2224 1223 2303; baseline 0.004 -20"><span class='ocrx_word' id='word_1_147' title='bbox 255 2245 286 2283; x_wconf 88' lang='lat' dir='ltr'>ra</span> <span class='ocrx_word' id='word_1_148' title='bbox 310 2226 392 2284; x_wconf 87' lang='lat' dir='ltr'>verba</span> <span class='ocrx_word' id='word_1_149' title='bbox 414 2241 550 2300; x_wconf 83' lang='lat' dir='ltr'>tamquam</span> <span class='ocrx_word' id='word_1_150' title='bbox 567 2227 660 2303; x_wconf 82' lang='lat' dir='ltr'>gloffas</span> <span class='ocrx_word' id='word_1_151' title='bbox 672 2225 714 2283; x_wconf 82' lang='lat' dir='ltr'>af·</span> <span class='ocrx_word' id='word_1_152' title='bbox 761 2224 893 2282; x_wconf 86' lang='lat' dir='ltr'>mortario</span> <span class='ocrx_word' id='word_1_153' title='bbox 904 2226 1132 2284; x_wconf 82' lang='lat' dir='ltr'>venenaillasatis</span> <span class='ocrx_word' id='word_1_154' title='bbox 1140 2231 1223 2288; x_wconf 76' lang='lat' dir='ltr'>nota:</span> 
     </span>
     <span class='ocr_line' id='line_1_20' title="bbox 254 2301 1225 2381; baseline 0.002 -21"><span class='ocrx_word' id='word_1_155' title='bbox 254 2302 371 2361; x_wconf 70' lang='lat' dir='ltr'>secubat</span> <span class='ocrx_word' id='word_1_156' title='bbox 396 2301 605 2381; x_wconf 76' lang='lat' dir='ltr'>(Qinffilianus</span> <span class='ocrx_word' id='word_1_157' title='bbox 625 2318 715 2362; x_wconf 85' lang='lat' dir='ltr'>tamen</span> <span class='ocrx_word' id='word_1_158' title='bbox 761 2301 899 2359; x_wconf 89' lang='lat' dir='ltr'>taurinum</span> <span class='ocrx_word' id='word_1_159' title='bbox 920 2301 1090 2378; x_wconf 82' lang='lat' dir='ltr'>sangninem,</span> <span class='ocrx_word' id='word_1_160' title='bbox 1109 2304 1225 2362; x_wconf 86' lang='lat' dir='ltr'>minium</span> 
     </span>
     <span class='ocr_line' id='line_1_21' title="bbox 254 2379 1224 2448; baseline 0 -10"><span class='ocrx_word' id='word_1_161' title='bbox 254 2381 290 2438; x_wconf 88' lang='lat' dir='ltr'>de</span> <span class='ocrx_word' id='word_1_162' title='bbox 304 2381 462 2438; x_wconf 85' lang='lat' dir='ltr'>vetustorum</span> <span class='ocrx_word' id='word_1_163' title='bbox 482 2379 623 2437; x_wconf 88' lang='lat' dir='ltr'>verborum</span> <span class='ocrx_word' id='word_1_164' title='bbox 635 2381 714 2438; x_wconf 87' lang='lat' dir='ltr'>affec.</span> <span class='ocrx_word' id='word_1_165' title='bbox 759 2391 786 2434; x_wconf 91' lang='lat' dir='ltr'>et</span> <span class='ocrx_word' id='word_1_166' title='bbox 799 2380 905 2447; x_wconf 80' lang='lat' dir='ltr'>allium,</span> <span class='ocrx_word' id='word_1_167' title='bbox 922 2379 1008 2448; x_wconf 81' lang='lat' dir='ltr'>trivit,</span> <span class='ocrx_word' id='word_1_168' title='bbox 1029 2395 1059 2437; x_wconf 91' lang='lat' dir='ltr'>ut</span> <span class='ocrx_word' id='word_1_169' title='bbox 1071 2381 1148 2437; x_wconf 82' lang='lat' dir='ltr'>fratri</span> <span class='ocrx_word' id='word_1_170' title='bbox 1160 2381 1224 2438; x_wconf 89' lang='lat' dir='ltr'>mis-</span> 
     </span>
     <span class='ocr_line' id='line_1_22' title="bbox 255 2455 1224 2535; baseline 0.001 -21"><span class='ocrx_word' id='word_1_171' title='bbox 255 2455 358 2516; x_wconf 85' lang='lat' dir='ltr'>ratione</span> <span class='ocrx_word' id='word_1_172' title='bbox 370 2456 429 2533; x_wconf 85' lang='lat' dir='ltr'>agit</span> <span class='ocrx_word' id='word_1_173' title='bbox 443 2475 476 2514; x_wconf 89' lang='lat' dir='ltr'>eo</span> <span class='ocrx_word' id='word_1_174' title='bbox 488 2457 561 2524; x_wconf 87' lang='lat' dir='ltr'>loco,</span> <span class='ocrx_word' id='word_1_175' title='bbox 581 2475 635 2533; x_wconf 90' lang='lat' dir='ltr'>quo</span> <span class='ocrx_word' id='word_1_176' title='bbox 656 2475 723 2514; x_wconf 66' lang='lat' dir='ltr'>ver·¹</span> <span class='ocrx_word' id='word_1_177' title='bbox 762 2471 856 2524; x_wconf 79' lang='lat' dir='ltr'>neret-3</span> <span class='ocrx_word' id='word_1_178' title='bbox 874 2455 989 2514; x_wconf 86' lang='lat' dir='ltr'>ridicule</span> <span class='ocrx_word' id='word_1_179' title='bbox 1001 2456 1087 2535; x_wconf 87' lang='lat' dir='ltr'>igitur</span> <span class='ocrx_word' id='word_1_180' title='bbox 1098 2459 1224 2516; x_wconf 86' lang='lat' dir='ltr'>decurta-</span> 
     </span>
     <span class='ocr_line' id='line_1_23' title="bbox 253 2532 1224 2612; baseline 0.002 -21"><span class='ocrx_word' id='word_1_181' title='bbox 253 2533 295 2591; x_wconf 81' lang='lat' dir='ltr'>sus</span> <span class='ocrx_word' id='word_1_182' title='bbox 307 2535 355 2590; x_wconf 81' lang='lat' dir='ltr'>hor</span> <span class='ocrx_word' id='word_1_183' title='bbox 365 2537 578 2591; x_wconf 73' lang='lat' dir='ltr'>commemorati</span> <span class='ocrx_word' id='word_1_184' title='bbox 600 2551 629 2590; x_wconf 90' lang='lat' dir='ltr'>ut</span> <span class='ocrx_word' id='word_1_185' title='bbox 648 2534 716 2592; x_wconf 81' lang='lat' dir='ltr'>adeo</span> <span class='ocrx_word' id='word_1_186' title='bbox 762 2532 810 2589; x_wconf 81' lang='lat' dir='ltr'>bat</span> <span class='ocrx_word' id='word_1_187' title='bbox 835 2533 892 2600; x_wconf 90' lang='lat' dir='ltr'>ille,</span> <span class='ocrx_word' id='word_1_188' title='bbox 924 2533 1029 2612; x_wconf 73' lang='lat' dir='ltr'>quoties</span> <span class='ocrx_word' id='word_1_189' title='bbox 1043 2535 1224 2604; x_wconf 84' lang='lat' dir='ltr'>declamabat,</span> 
     </span>
     <span class='ocr_line' id='line_1_24' title="bbox 253 2608 1224 2691; baseline 0.003 -22"><span class='ocrx_word' id='word_1_190' title='bbox 253 2610 343 2669; x_wconf 84' lang='lat' dir='ltr'>omnis</span> <span class='ocrx_word' id='word_1_191' title='bbox 354 2611 443 2669; x_wconf 88' lang='lat' dir='ltr'>adhuc</span> <span class='ocrx_word' id='word_1_192' title='bbox 456 2608 669 2687; x_wconf 84' lang='lat' dir='ltr'>hujuscarminis</span> <span class='ocrx_word' id='word_1_193' title='bbox 676 2613 717 2669; x_wconf 90' lang='lat' dir='ltr'>in·</span> <span class='ocrx_word' id='word_1_194' title='bbox 763 2611 855 2679; x_wconf 85' lang='lat' dir='ltr'>verba,</span> <span class='ocrx_word' id='word_1_195' title='bbox 873 2629 936 2671; x_wconf 88' lang='lat' dir='ltr'>taur</span> <span class='ocrx_word' id='word_1_196' title='bbox 944 2629 994 2690; x_wconf 84' lang='lat' dir='ltr'>pro</span> <span class='ocrx_word' id='word_1_197' title='bbox 1007 2626 1094 2678; x_wconf 84' lang='lat' dir='ltr'>tauro,</span> <span class='ocrx_word' id='word_1_198' title='bbox 1112 2624 1164 2672; x_wconf 76' lang='lat' dir='ltr'>min</span> <span class='ocrx_word' id='word_1_199' title='bbox 1174 2631 1224 2691; x_wconf 86' lang='lat' dir='ltr'>pro</span> 
     </span>
     <span class='ocr_line' id='line_1_25' title="bbox 252 2688 1225 2768; baseline 0.002 -22"><span class='ocrx_word' id='word_1_200' title='bbox 252 2694 279 2747; x_wconf 80' lang='lat' dir='ltr'>&#39;te</span> <span class='ocrx_word' id='word_1_201' title='bbox 312 2688 409 2745; x_wconf 84' lang='lat' dir='ltr'>retatio</span> <span class='ocrx_word' id='word_1_202' title='bbox 421 2703 581 2765; x_wconf 87' lang='lat' dir='ltr'>parumtuta</span> <span class='ocrx_word' id='word_1_203' title='bbox 594 2689 661 2745; x_wconf 88' lang='lat' dir='ltr'>mibi</span> <span class='ocrx_word' id='word_1_204' title='bbox 668 2691 717 2748; x_wconf 82' lang='lat' dir='ltr'>effe</span> <span class='ocrx_word' id='word_1_205' title='bbox 762 2688 860 2755; x_wconf 93' lang='lat' dir='ltr'>minio,</span> <span class='ocrx_word' id='word_1_206' title='bbox 880 2688 912 2746; x_wconf 87' lang='lat' dir='ltr'>al</span> <span class='ocrx_word' id='word_1_207' title='bbox 919 2710 970 2768; x_wconf 91' lang='lat' dir='ltr'>pro</span> <span class='ocrx_word' id='word_1_208' title='bbox 981 2689 1046 2746; x_wconf 87' lang='lat' dir='ltr'>allio</span> <span class='ocrx_word' id='word_1_209' title='bbox 1054 2713 1062 2758; x_wconf 88' lang='lat'>;</span> <span class='ocrx_word' id='word_1_210' title='bbox 1082 2706 1128 2747; x_wconf 90' lang='lat' dir='ltr'>ant</span> <span class='ocrx_word' id='word_1_211' title='bbox 1141 2690 1225 2748; x_wconf 79' lang='lat' dir='ltr'>Periti</span> 
     </span>
     <span class='ocr_line' id='line_1_26' title="bbox 253 2706 1223 2842; baseline 0.005 -21"><span class='ocrx_word' id='word_1_212' title='bbox 253 2706 401 2838; x_wconf 52' lang='lat' dir='ltr'>adibatur).</span> <span class='ocrx_word' id='word_1_213' title='bbox 441 2766 521 2821; x_wconf 92' lang='lat' dir='ltr'>Dicit</span> <span class='ocrx_word' id='word_1_214' title='bbox 529 2764 613 2842; x_wconf 88' lang='lat' dir='ltr'>igitur</span> <span class='ocrx_word' id='word_1_215' title='bbox 626 2773 717 2841; x_wconf 69' lang='lat' dir='ltr'>poeta,</span> <span class='ocrx_word' id='word_1_216' title='bbox 762 2765 928 2833; x_wconf 87' lang='lat' dir='ltr'>emendatio,</span> <span class='ocrx_word' id='word_1_217' title='bbox 948 2766 995 2842; x_wconf 90' lang='lat' dir='ltr'>qui</span> <span class='ocrx_word' id='word_1_218' title='bbox 1016 2765 1116 2824; x_wconf 84' lang='lat' dir='ltr'>Graeca</span> <span class='ocrx_word' id='word_1_219' title='bbox 1129 2768 1223 2825; x_wconf 84' lang='lat' dir='ltr'>substi-</span> 
     </span>
     <span class='ocr_line' id='line_1_27' title="bbox 252 2841 1225 2918; baseline 0.003 -19"><span class='ocrx_word' id='word_1_220' title='bbox 252 2842 297 2899; x_wconf 79' lang='lat' dir='ltr'>his</span> <span class='ocrx_word' id='word_1_221' title='bbox 310 2841 370 2917; x_wconf 80' lang='lat' dir='ltr'>ipfis</span> <span class='ocrx_word' id='word_1_222' title='bbox 382 2842 424 2897; x_wconf 87' lang='lat' dir='ltr'>vel</span> <span class='ocrx_word' id='word_1_223' title='bbox 441 2841 553 2899; x_wconf 86' lang='lat' dir='ltr'>barbare</span> <span class='ocrx_word' id='word_1_224' title='bbox 564 2843 720 2918; x_wconf 84' lang='lat' dir='ltr'>pronuntia·</span> <span class='ocrx_word' id='word_1_225' title='bbox 762 2842 834 2898; x_wconf 85' lang='lat' dir='ltr'>tuit:</span> <span class='ocrx_word' id='word_1_226' title='bbox 864 2843 923 2902; x_wconf 72' lang='lat' dir='ltr'>Tau</span> <span class='ocrx_word' id='word_1_227' title='bbox 935 2842 1058 2901; x_wconf 80' lang='lat' dir='ltr'>Gallicum</span> <span class='ocrx_word' id='word_1_228' title='bbox 1074 2845 1114 2918; x_wconf 87' lang='lat' dir='ltr'>(h.</span> <span class='ocrx_word' id='word_1_229' title='bbox 1128 2842 1225 2903; x_wconf 81' lang='lat' dir='ltr'>Galin-</span> 
     </span>
     <span class='ocr_line' id='line_1_28' title="bbox 257 2916 1225 2998; baseline 0.008 -24"><span class='ocrx_word' id='word_1_230' title='bbox 257 2918 294 2975; x_wconf 86' lang='lat' dir='ltr'>tis</span> <span class='ocrx_word' id='word_1_231' title='bbox 312 2919 355 2975; x_wconf 84' lang='lat' dir='ltr'>vel</span> <span class='ocrx_word' id='word_1_232' title='bbox 365 2916 477 2975; x_wconf 82' lang='lat' dir='ltr'>exoticis</span> <span class='ocrx_word' id='word_1_233' title='bbox 489 2936 515 2975; x_wconf 87' lang='lat' dir='ltr'>et</span> <span class='ocrx_word' id='word_1_234' title='bbox 527 2918 646 2975; x_wconf 86' lang='lat' dir='ltr'>barbaris</span> <span class='ocrx_word' id='word_1_235' title='bbox 661 2938 719 2976; x_wconf 89' lang='lat' dir='ltr'>ver·</span> <span class='ocrx_word' id='word_1_236' title='bbox 764 2938 824 2975; x_wconf 88' lang='lat' dir='ltr'>rum</span> <span class='ocrx_word' id='word_1_237' title='bbox 847 2919 894 2975; x_wconf 88' lang='lat' dir='ltr'>ille</span> <span class='ocrx_word' id='word_1_238' title='bbox 915 2922 1059 2998; x_wconf 74' lang='lat' dir='ltr'>peffimut),</span> <span class='ocrx_word' id='word_1_239' title='bbox 1085 2923 1137 2992; x_wconf 67' lang='grc' dir='ltr'>μὲν,</span> <span class='ocrx_word' id='word_1_240' title='bbox 1165 2924 1225 2992; x_wconf 63' lang='lat' dir='ltr'>{db</span> 
     </span>
     <span class='ocr_line' id='line_1_29' title="bbox 256 2995 1226 3076; baseline 0 -21"><span class='ocrx_word' id='word_1_241' title='bbox 256 2996 385 3061; x_wconf 90' lang='lat' dir='ltr'>biseum,</span> <span class='ocrx_word' id='word_1_242' title='bbox 404 3014 453 3069; x_wconf 80' lang='lat' dir='ltr'>pro</span> <span class='ocrx_word' id='word_1_243' title='bbox 476 3014 588 3065; x_wconf 84' lang='lat' dir='ltr'>veneno,</span> <span class='ocrx_word' id='word_1_244' title='bbox 609 2995 719 3055; x_wconf 84' lang='lat' dir='ltr'>fratrem</span> <span class='ocrx_word' id='word_1_245' title='bbox 763 2999 839 3052; x_wconf 67' lang='lat' dir='ltr'>eta&#39;la&#39;</span> <span class='ocrx_word' id='word_1_246' title='bbox 848 3006 874 3053; x_wconf 81' lang='lat' dir='ltr'>ei</span> <span class='ocrx_word' id='word_1_247' title='bbox 882 3007 1002 3055; x_wconf 75' lang='lat' dir='ltr'>intrivit:</span> <span class='ocrx_word' id='word_1_248' title='bbox 1022 2997 1226 3076; x_wconf 73' lang='lat' dir='ltr'>sithaeceglos-</span> 
     </span>
     <span class='ocr_line' id='line_1_30' title="bbox 254 3072 1227 3149; baseline 0.005 -21"><span class='ocrx_word' id='word_1_249' title='bbox 254 3072 364 3130; x_wconf 71' lang='lat' dir='ltr'>necasse.</span> <span class='ocrx_word' id='word_1_250' title='bbox 405 3076 449 3128; x_wconf 78' lang='lat' dir='ltr'>De</span> <span class='ocrx_word' id='word_1_251' title='bbox 471 3074 596 3140; x_wconf 71' lang='lat' dir='ltr'>1edinne,</span> <span class='ocrx_word' id='word_1_252' title='bbox 623 3073 717 3130; x_wconf 87' lang='lat' dir='ltr'>admo·</span> <span class='ocrx_word' id='word_1_253' title='bbox 764 3072 796 3129; x_wconf 80' lang='lat' dir='ltr'>fis</span> <span class='ocrx_word' id='word_1_254' title='bbox 805 3073 925 3130; x_wconf 85' lang='lat' dir='ltr'>obscuris</span> <span class='ocrx_word' id='word_1_255' title='bbox 934 3073 1074 3149; x_wconf 79' lang='lat' dir='ltr'>petitasmt</span> <span class='ocrx_word' id='word_1_256' title='bbox 1082 3076 1227 3144; x_wconf 81' lang='lat' dir='ltr'>vocabula,</span> 
     </span>
     <span class='ocr_line' id='line_1_31' title="bbox 253 3148 1226 3227; baseline 0.004 -22"><span class='ocrx_word' id='word_1_257' title='bbox 253 3152 319 3205; x_wconf 90' lang='lat' dir='ltr'>dum</span> <span class='ocrx_word' id='word_1_258' title='bbox 335 3150 362 3205; x_wconf 92' lang='lat' dir='ltr'>in</span> <span class='ocrx_word' id='word_1_259' title='bbox 378 3150 468 3206; x_wconf 78' lang='lat' dir='ltr'>multis</span> <span class='ocrx_word' id='word_1_260' title='bbox 477 3150 591 3216; x_wconf 85' lang='lat' dir='ltr'>incerta,</span> <span class='ocrx_word' id='word_1_261' title='bbox 605 3149 716 3209; x_wconf 90' lang='lat' dir='ltr'>videndi</span> <span class='ocrx_word' id='word_1_262' title='bbox 765 3169 825 3225; x_wconf 87' lang='lat' dir='ltr'>quae</span> <span class='ocrx_word' id='word_1_263' title='bbox 834 3148 880 3204; x_wconf 88' lang='lat' dir='ltr'>ille</span> <span class='ocrx_word' id='word_1_264' title='bbox 892 3170 941 3227; x_wconf 89' lang='lat' dir='ltr'>pro</span> <span class='ocrx_word' id='word_1_265' title='bbox 952 3148 1060 3206; x_wconf 79' lang='lat' dir='ltr'>stellulis</span> <span class='ocrx_word' id='word_1_266' title='bbox 1072 3151 1126 3207; x_wconf 84' lang='lat' dir='ltr'>suis</span> <span class='ocrx_word' id='word_1_267' title='bbox 1136 3153 1226 3209; x_wconf 86' lang='lat' dir='ltr'>decla-</span> 
     </span>
     <span class='ocr_line' id='line_1_32' title="bbox 256 3224 1227 3302; baseline 0.005 -20"><span class='ocrx_word' id='word_1_268' title='bbox 256 3226 315 3283; x_wconf 85' lang='lat' dir='ltr'>sunt</span> <span class='ocrx_word' id='word_1_269' title='bbox 329 3226 413 3283; x_wconf 90' lang='lat' dir='ltr'>iidem</span> <span class='ocrx_word' id='word_1_270' title='bbox 429 3227 479 3283; x_wconf 80' lang='lat' dir='ltr'>viri</span> <span class='ocrx_word' id='word_1_271' title='bbox 500 3226 583 3283; x_wconf 72' lang='lat' dir='ltr'>doni.</span> <span class='ocrx_word' id='word_1_272' title='bbox 624 3226 664 3282; x_wconf 92' lang='lat' dir='ltr'>Ut</span> <span class='ocrx_word' id='word_1_273' title='bbox 677 3241 715 3285; x_wconf 86' lang='lat' dir='ltr'>ta·</span> <span class='ocrx_word' id='word_1_274' title='bbox 766 3224 930 3281; x_wconf 83' lang='lat' dir='ltr'>mationibus</span> <span class='ocrx_word' id='word_1_275' title='bbox 940 3244 1025 3302; x_wconf 84' lang='lat' dir='ltr'>graece</span> <span class='ocrx_word' id='word_1_276' title='bbox 1036 3226 1136 3283; x_wconf 80' lang='lat' dir='ltr'>habitis</span> <span class='ocrx_word' id='word_1_277' title='bbox 1158 3228 1227 3288; x_wconf 89' lang='lat' dir='ltr'>inse-</span> 
     </span>
     <span class='ocr_line' id='line_1_33' title="bbox 257 3300 1227 3380; baseline 0.006 -21"><span class='ocrx_word' id='word_1_278' title='bbox 257 3323 316 3359; x_wconf 86' lang='lat' dir='ltr'>men</span> <span class='ocrx_word' id='word_1_279' title='bbox 342 3303 445 3378; x_wconf 85' lang='lat' dir='ltr'>aliquid</span> <span class='ocrx_word' id='word_1_280' title='bbox 467 3322 609 3378; x_wconf 83' lang='lat' dir='ltr'>apponam,</span> <span class='ocrx_word' id='word_1_281' title='bbox 643 3305 718 3380; x_wconf 88' lang='lat' dir='ltr'>quod</span> <span class='ocrx_word' id='word_1_282' title='bbox 766 3320 823 3357; x_wconf 92' lang='lat' dir='ltr'>rere</span> <span class='ocrx_word' id='word_1_283' title='bbox 835 3301 943 3359; x_wconf 87' lang='lat' dir='ltr'>solebat.</span> <span class='ocrx_word' id='word_1_284' title='bbox 964 3300 1009 3359; x_wconf 82' lang='lat' dir='ltr'>Est</span> <span class='ocrx_word' id='word_1_285' title='bbox 1018 3317 1108 3358; x_wconf 88' lang='lat' dir='ltr'>antem</span> <span class='ocrx_word' id='word_1_286' title='bbox 1122 3305 1182 3373; x_wconf 67' lang='lat' dir='ltr'>ldis</span> <span class='ocrx_word' id='word_1_287' title='bbox 1193 3326 1227 3365; x_wconf 77' lang='lat' dir='ltr'>err</span> 
     </span>
     <span class='ocr_line' id='line_1_34' title="bbox 258 3378 1228 3455; baseline 0.006 -20"><span class='ocrx_word' id='word_1_288' title='bbox 258 3380 380 3442; x_wconf 69' lang='lat' dir='ltr'>ledorem</span> <span class='ocrx_word' id='word_1_289' title='bbox 395 3379 423 3434; x_wconf 87' lang='lat' dir='ltr'>in</span> <span class='ocrx_word' id='word_1_290' title='bbox 445 3379 572 3437; x_wconf 85' lang='lat' dir='ltr'>sententia</span> <span class='ocrx_word' id='word_1_291' title='bbox 585 3380 717 3455; x_wconf 81' lang='lat' dir='ltr'>affequen·</span> <span class='ocrx_word' id='word_1_292' title='bbox 767 3378 935 3437; x_wconf 87' lang='lat' dir='ltr'>Thuriorum</span> <span class='ocrx_word' id='word_1_293' title='bbox 955 3378 1048 3455; x_wconf 85' lang='lat' dir='ltr'>gloffa,</span> <span class='ocrx_word' id='word_1_294' title='bbox 1066 3382 1161 3448; x_wconf 73' lang='grc' dir='ltr'>κισσὸς,</span> <span class='ocrx_word' id='word_1_295' title='bbox 1179 3384 1228 3443; x_wconf 88' lang='lat' dir='ltr'>he-</span> 
     </span>
     <span class='ocr_line' id='line_1_35' title="bbox 259 3454 1228 3537; baseline 0.003 -24"><span class='ocrx_word' id='word_1_296' title='bbox 259 3459 292 3513; x_wconf 84' lang='lat' dir='ltr'>da</span> <span class='ocrx_word' id='word_1_297' title='bbox 312 3456 405 3533; x_wconf 75' lang='lat' dir='ltr'>juvare</span> <span class='ocrx_word' id='word_1_298' title='bbox 418 3454 504 3531; x_wconf 85' lang='lat' dir='ltr'>poffit,</span> <span class='ocrx_word' id='word_1_299' title='bbox 524 3456 582 3512; x_wconf 82' lang='lat' dir='ltr'>haec</span> <span class='ocrx_word' id='word_1_300' title='bbox 608 3458 717 3515; x_wconf 59' lang='lat' dir='ltr'>addam.</span> <span class='ocrx_word' id='word_1_301' title='bbox 766 3456 842 3521; x_wconf 79' lang='lat' dir='ltr'>deca,</span> <span class='ocrx_word' id='word_1_302' title='bbox 861 3456 896 3511; x_wconf 69' lang='grc' dir='ltr'>ἄλ</span> <span class='ocrx_word' id='word_1_303' title='bbox 909 3474 959 3532; x_wconf 87' lang='lat' dir='ltr'>pro</span> <span class='ocrx_word' id='word_1_304' title='bbox 976 3457 1035 3524; x_wconf 70' lang='grc' dir='ltr'><strong>εἷλε,</strong></span> <span class='ocrx_word' id='word_1_305' title='bbox 1055 3457 1166 3535; x_wconf 79' lang='lat' dir='ltr'>Cypriis</span> <span class='ocrx_word' id='word_1_306' title='bbox 1176 3480 1228 3537; x_wconf 86' lang='lat' dir='ltr'>pro</span> 
     </span>
     <span class='ocr_line' id='line_1_36' title="bbox 259 3530 1229 3615; baseline 0.007 -25"><span class='ocrx_word' id='word_1_307' title='bbox 259 3534 391 3591; x_wconf 76' lang='lat' dir='ltr'>Corinthia</span> <span class='ocrx_word' id='word_1_308' title='bbox 413 3532 496 3589; x_wconf 79' lang='lat' dir='ltr'>verba</span> <span class='ocrx_word' id='word_1_309' title='bbox 521 3533 718 3607; x_wconf 83' lang='lat' dir='ltr'>(namhaecte-</span> <span class='ocrx_word' id='word_1_310' title='bbox 765 3530 933 3591; x_wconf 71' lang='lat' dir='ltr'>vinodidin:</span> <span class='ocrx_word' id='word_1_311' title='bbox 960 3533 1003 3604; x_wconf 67' lang='grc' dir='ltr'>μὴ</span> <span class='ocrx_word' id='word_1_312' title='bbox 1013 3554 1064 3612; x_wconf 89' lang='lat' dir='ltr'>pro</span> <span class='ocrx_word' id='word_1_313' title='bbox 1076 3539 1149 3594; x_wconf 71' lang='grc' dir='ltr'>αὐτὸν</span> <span class='ocrx_word' id='word_1_314' title='bbox 1162 3541 1229 3615; x_wconf 78' lang='lat' dir='ltr'>(hoc</span> 
     </span>
     <span class='ocr_line' id='line_1_37' title="bbox 257 3608 1229 3690; baseline 0.007 -22"><span class='ocrx_word' id='word_1_315' title='bbox 257 3610 345 3668; x_wconf 85' lang='lat' dir='ltr'>nenda</span> <span class='ocrx_word' id='word_1_316' title='bbox 366 3629 428 3667; x_wconf 89' lang='lat' dir='ltr'>cum</span> <span class='ocrx_word' id='word_1_317' title='bbox 453 3609 604 3667; x_wconf 88' lang='lat' dir='ltr'>Burmanuo</span> <span class='ocrx_word' id='word_1_318' title='bbox 623 3611 719 3679; x_wconf 80' lang='lat' dir='ltr'>statuo,</span> <span class='ocrx_word' id='word_1_319' title='bbox 766 3608 888 3667; x_wconf 89' lang='lat' dir='ltr'>omnium</span> <span class='ocrx_word' id='word_1_320' title='bbox 901 3610 1014 3669; x_wconf 88' lang='lat' dir='ltr'>minime</span> <span class='ocrx_word' id='word_1_321' title='bbox 1022 3612 1229 3690; x_wconf 77' lang='lat' dir='ltr'>probabiliter),</span> 
     </span>
     <span class='ocr_line' id='line_1_38' title="bbox 256 3686 1231 3765; baseline 0.004 -21"><span class='ocrx_word' id='word_1_322' title='bbox 256 3688 343 3745; x_wconf 89' lang='lat' dir='ltr'>donec</span> <span class='ocrx_word' id='word_1_323' title='bbox 356 3706 450 3744; x_wconf 83' lang='lat' dir='ltr'>verum</span> <span class='ocrx_word' id='word_1_324' title='bbox 464 3700 595 3761; x_wconf 84' lang='lat' dir='ltr'>repertum</span> <span class='ocrx_word' id='word_1_325' title='bbox 616 3686 717 3745; x_wconf 85' lang='lat' dir='ltr'>fuerit:</span> <span class='ocrx_word' id='word_1_326' title='bbox 767 3701 797 3745; x_wconf 87' lang='lat' dir='ltr'>ut</span> <span class='ocrx_word' id='word_1_327' title='bbox 811 3686 879 3744; x_wconf 88' lang='lat' dir='ltr'>adeo</span> <span class='ocrx_word' id='word_1_328' title='bbox 891 3686 956 3745; x_wconf 89' lang='lat' dir='ltr'>vino</span> <span class='ocrx_word' id='word_1_329' title='bbox 967 3687 1063 3746; x_wconf 83' lang='lat' dir='ltr'>hedera</span> <span class='ocrx_word' id='word_1_330' title='bbox 1076 3691 1155 3765; x_wconf 85' lang='lat' dir='ltr'>nigra</span> <span class='ocrx_word' id='word_1_331' title='bbox 1167 3692 1231 3750; x_wconf 85' lang='lat' dir='ltr'>mis-</span> 
     </span>
     <span class='ocr_line' id='line_1_39' title="bbox 256 3762 1231 3839; baseline 0.003 -17"><span class='ocrx_word' id='word_1_332' title='bbox 256 3780 325 3822; x_wconf 82' lang='lat' dir='ltr'>natae</span> <span class='ocrx_word' id='word_1_333' title='bbox 364 3763 425 3819; x_wconf 87' lang='lat' dir='ltr'>sunt</span> <span class='ocrx_word' id='word_1_334' title='bbox 456 3762 526 3820; x_wconf 84' lang='lat' dir='ltr'>forre</span> <span class='ocrx_word' id='word_1_335' title='bbox 565 3765 723 3839; x_wconf 74' lang='lat' dir='ltr'>corruptelae</span> <span class='ocrx_word' id='word_1_336' title='bbox 767 3778 798 3820; x_wconf 87' lang='lat' dir='ltr'>to</span> <span class='ocrx_word' id='word_1_337' title='bbox 821 3762 985 3821; x_wconf 83' lang='lat' dir='ltr'>inebriatum</span> <span class='ocrx_word' id='word_1_338' title='bbox 1012 3764 1144 3823; x_wconf 84' lang='lat' dir='ltr'>sustulerit</span> <span class='ocrx_word' id='word_1_339' title='bbox 1175 3768 1231 3825; x_wconf 81' lang='lat' dir='ltr'>fra-</span> 
     </span>
     <span class='ocr_line' id='line_1_40' title="bbox 258 3838 1231 3919; baseline 0.004 -21"><span class='ocrx_word' id='word_1_340' title='bbox 258 3861 292 3898; x_wconf 86' lang='lat' dir='ltr'>ex</span> <span class='ocrx_word' id='word_1_341' title='bbox 305 3839 404 3897; x_wconf 79' lang='lat' dir='ltr'>vitiosa</span> <span class='ocrx_word' id='word_1_342' title='bbox 428 3838 558 3915; x_wconf 87' lang='lat' dir='ltr'>scriptura</span> <span class='ocrx_word' id='word_1_343' title='bbox 578 3839 722 3915; x_wconf 68' lang='lat' dir='ltr'>Corynthio-</span> <span class='ocrx_word' id='word_1_344' title='bbox 769 3854 837 3897; x_wconf 80' lang='lat' dir='ltr'>trem</span> <span class='ocrx_word' id='word_1_345' title='bbox 851 3838 975 3897; x_wconf 86' lang='lat' dir='ltr'>Cimber.</span> <span class='ocrx_word' id='word_1_346' title='bbox 1014 3841 1079 3909; x_wconf 92' lang='lat' dir='ltr'>Sed,</span> <span class='ocrx_word' id='word_1_347' title='bbox 1100 3844 1231 3919; x_wconf 84' lang='lat' dir='ltr'>utpaullo</span> 
     </span>
     <span class='ocr_line' id='line_1_41' title="bbox 255 3915 1231 3993; baseline 0.004 -18"><span class='ocrx_word' id='word_1_348' title='bbox 255 3922 340 3989; x_wconf 77' lang='lat' dir='ltr'>mm),</span> <span class='ocrx_word' id='word_1_349' title='bbox 359 3916 421 3973; x_wconf 86' lang='lat' dir='ltr'>sunt</span> <span class='ocrx_word' id='word_1_350' title='bbox 431 3916 537 3989; x_wconf 73' lang='lat' dir='ltr'>mollia,</span> <span class='ocrx_word' id='word_1_351' title='bbox 557 3915 651 3984; x_wconf 68' lang='lat' dir='ltr'>stada,</span> <span class='ocrx_word' id='word_1_352' title='bbox 673 3936 719 3974; x_wconf 86' lang='lat' dir='ltr'>ca·</span> <span class='ocrx_word' id='word_1_353' title='bbox 770 3929 833 3971; x_wconf 87' lang='lat' dir='ltr'>ante</span> <span class='ocrx_word' id='word_1_354' title='bbox 843 3916 975 3984; x_wconf 71' lang='lat' dir='ltr'>diximus,</span> <span class='ocrx_word' id='word_1_355' title='bbox 994 3916 1132 3993; x_wconf 82' lang='lat' dir='ltr'>antiquata</span> <span class='ocrx_word' id='word_1_356' title='bbox 1150 3922 1231 3979; x_wconf 86' lang='lat' dir='ltr'>verba</span> 
     </span>
     <span class='ocr_line' id='line_1_42' title="bbox 254 3986 1231 4072; baseline 0.002 -19"><span class='ocrx_word' id='word_1_357' title='bbox 254 3986 420 4053; x_wconf 74' lang='lat' dir='ltr'>lumistrata:</span> <span class='ocrx_word' id='word_1_358' title='bbox 441 4012 456 4047; x_wconf 90' lang='lat' dir='ltr'>a</span> <span class='ocrx_word' id='word_1_359' title='bbox 479 3994 545 4050; x_wconf 88' lang='lat' dir='ltr'>luxu</span> <span class='ocrx_word' id='word_1_360' title='bbox 558 3992 719 4051; x_wconf 84' lang='lat' dir='ltr'>Corinthio·</span> <span class='ocrx_word' id='word_1_361' title='bbox 767 3992 849 4050; x_wconf 86' lang='lat' dir='ltr'>latere</span> <span class='ocrx_word' id='word_1_362' title='bbox 888 3990 1059 4062; x_wconf 82' lang='lat' dir='ltr'>arbitramur,</span> <span class='ocrx_word' id='word_1_363' title='bbox 1098 3996 1231 4072; x_wconf 84' lang='lat' dir='ltr'>ejusmodi</span> 
     </span>
     <span class='ocr_line' id='line_1_43' title="bbox 255 4068 1231 4146; baseline 0.008 -19"><span class='ocrx_word' id='word_1_364' title='bbox 255 4090 324 4129; x_wconf 89' lang='lat' dir='ltr'>rum.</span> <span class='ocrx_word' id='word_1_365' title='bbox 364 4070 435 4125; x_wconf 86' lang='lat' dir='ltr'>Inest</span> <span class='ocrx_word' id='word_1_366' title='bbox 460 4083 550 4127; x_wconf 86' lang='lat' dir='ltr'>antem</span> <span class='ocrx_word' id='word_1_367' title='bbox 569 4070 646 4129; x_wconf 70' lang='lat' dir='ltr'>simul</span> <span class='ocrx_word' id='word_1_368' title='bbox 667 4069 720 4127; x_wconf 87' lang='lat' dir='ltr'>iro·</span> <span class='ocrx_word' id='word_1_369' title='bbox 768 4069 850 4135; x_wconf 85' lang='lat' dir='ltr'>sorte,</span> <span class='ocrx_word' id='word_1_370' title='bbox 870 4088 930 4145; x_wconf 75' lang='lat' dir='ltr'>qua·</span> <span class='ocrx_word' id='word_1_371' title='bbox 954 4068 1064 4146; x_wconf 72' lang='lat' dir='ltr'>propina</span> <span class='ocrx_word' id='word_1_372' title='bbox 1080 4074 1116 4129; x_wconf 81' lang='lat' dir='ltr'>ad</span> <span class='ocrx_word' id='word_1_373' title='bbox 1137 4074 1231 4135; x_wconf 88' lang='lat' dir='ltr'>sonum</span> 
     </span>
     <span class='ocr_line' id='line_1_44' title="bbox 254 4143 1164 4225; baseline 0.007 -21"><span class='ocrx_word' id='word_1_374' title='bbox 254 4146 307 4205; x_wconf 84' lang='lat' dir='ltr'>niae</span> <span class='ocrx_word' id='word_1_375' title='bbox 316 4165 404 4225; x_wconf 86' lang='lat' dir='ltr'>genus</span> <span class='ocrx_word' id='word_1_376' title='bbox 428 4146 526 4204; x_wconf 77' lang='lat' dir='ltr'>verbis.</span> <span class='ocrx_word' id='word_1_377' title='bbox 567 4144 720 4223; x_wconf 71' lang='lat' dir='ltr'>Thucydides</span> <span class='ocrx_word' id='word_1_378' title='bbox 769 4143 980 4205; x_wconf 83' lang='lat' dir='ltr'>medicaminum</span> <span class='ocrx_word' id='word_1_379' title='bbox 993 4148 1164 4215; x_wconf 81' lang='lat' dir='ltr'>accedebant.</span> 
     </span>
    </p>
   </div>
   <div class='ocr_carea' id='block_1_4' title="bbox 1148 4361 1237 4463">
    <p class='ocr_par' dir='ltr' id='par_1_4' title="bbox 1148 4361 1237 4463">
     <span class='ocr_line' id='line_1_45' title="bbox 1148 4361 1237 4463; baseline -0.022 0"><span class='ocrx_word' id='word_1_380' title='bbox 1148 4361 1237 4463; x_wconf 69' lang='lat' dir='ltr'>un.</span> 
     </span>
    </p>
   </div>
   <div class='ocr_carea' id='block_1_5' title="bbox 0 0 1623 5200">
    <p class='ocr_par' dir='ltr' id='par_1_5' title="bbox 0 0 1623 5200">
     <span class='ocr_line' id='line_1_46' title="bbox 0 0 1623 5200; baseline 0 0"><span class='ocrx_word' id='word_1_381' title='bbox 0 0 1623 5200; x_wconf 95' lang='lat' dir='ltr'> </span> 
     </span>
    </p>
   </div>
  </div>
 </body>
</html>
