3225 5200
264 702 1245 755 Μ

387 938 1132 1095 PROOEMIUM

572 1288 655 1377 IN
702 1291 939 1379 CIRIN.

271 1750 460 1886 Cnnuuu
485 1814 567 1899 hoc,
591 1810 653 1883 etsi
670 1812 763 1884 inter
779 1809 973 1908 Virgiliana
987 1812 1155 1908 opuscula
1165 1809 1247 1885 vul-

271 1964 320 2036 go
347 1938 470 2010 referri
497 1936 594 2023 solet,
624 1960 668 2007 an
699 1935 894 2031 Virgilium
920 1953 1040 2007 tamen
1068 1938 1249 2009 auclorem

271 2061 413 2145 habeat,
430 2057 518 2131 fides
529 2081 590 2139 nos
608 2058 688 2129 satis
705 2075 801 2131 certa
812 2056 946 2129 deficit.
997 2058 1087 2130 Sunt
1102 2058 1249 2153 quidem

276 2184 403 2271 multa,
418 2205 499 2277 quae
514 2182 698 2277 probabile
714 2183 783 2256 hoc
799 2182 949 2255 faciant:
974 2204 1040 2254 nec
1056 2182 1253 2255 dubitatio-

276 2304 335 2376 nis
354 2323 473 2377 tamen
499 2305 624 2379 cauffae
645 2305 769 2379 desunt
791 2330 834 2377 ex
858 2322 958 2401 parte
979 2305 1086 2375 altera
1092 2340 1104 2388 ς
1129 2304 1251 2400 itaque

274 2453 368 2529 aegre
394 2430 578 2531 ferendum
604 2432 760 2518 nonest,
792 2431 873 2503 srin
888 2430 1039 2503 diversas
1065 2432 1251 2527 opiniones

274 2554 456 2630 disceffiffe
469 2558 562 2630 viros
577 2556 700 2629 dodos
716 2556 848 2629 videas.
889 2553 1031 2627 Scilicet
1042 2554 1087 2626 de
1104 2556 1252 2628 rationi·
1323 2618 1329 2630 .

274 2681 351 2768 bus,
364 2683 493 2778 quibus
508 2682 767 2754 contenderunt
781 2677 930 2766 interit,
945 2679 1139 2754 videndum
1155 2701 1229 2755 erat
1238 2719 1251 2769 ς

277 2807 369 2880 inter
384 2831 439 2882 eas
452 2825 574 2880 autem
590 2807 718 2880 multas
735 2805 801 2878 effe
817 2805 911 2878 leves
932 2829 972 2876 ac
995 2805 1113 2877 futiles
1127 2807 1251 2904 negari

279 2927 413 3022 nequit.
452 2928 507 3000 Ea
517 2947 639 2999 tamen
649 2928 770 2998 omnia
785 2943 825 2996 ut
841 2925 971 2998 iterum
983 2927 1122 2997 recoda
1135 2949 1252 3022 appo-

276 3073 359 3122 nam
385 3049 529 3138 neceffe‚
555 3072 656 3146 puto,
684 3077 754 3126 non
779 3053 851 3136 est;
885 3069 924 3122 ut
956 3050 1162 3125 summatim
1185 3077 1252 3148 pro

172 3153 176 3162 ’
277 3198 377 3248 more
405 3199 488 3248 meo
517 3201 706 3272 exponam,
732 3175 874 3274 judicio
905 3199 988 3246 meo
1017 3177 1253 3271 qualicunque
1301 3187 1305 3193 '

279 3298 404 3390 positu,
436 3299 505 3372 hoc
538 3298 629 3382 forte
657 3302 719 3390 est,
757 3300 854 3396 quod
887 3299 997 3372 ledor
1029 3323 1051 3369 a
1085 3323 1143 3370 me
1186 3323 1254 3371 ex-

281 3423 405 3516 pellet·
876 3518 879 3524 ,
1020 3515 1025 3523 ,

258 3538 262 3546 ’
331 3544 404 3642 Qi
432 3547 564 3642 Virgilio
580 3571 723 3620 carmen
735 3548 927 3637 vindicant,
951 3554 1170 3648 argumentis
1182 3550 1254 3624 fere

281 3687 426 3741 utuntur
442 3672 496 3756 iis,
512 3672 640 3766 quibus
650 3697 792 3747 carmen
802 3677 870 3749 hoc
882 3675 1142 3772 politissimum,
1159 3703 1270 3775 prae-y

236 3869 240 3878 ,
281 3792 399 3866 stantis
416 3796 552 3892 ingenii
568 3794 683 3892 po'e'ta,
699 3797 846 3893 ipsoque
862 3799 1024 3887 Marone,
1047 3825 1118 3870 non
1133 3800 1255 3898 indig-
1305 3848 1307 3851 -

279 3943 366 3993 num
393 3920 583 3994 declarent.
635 3921 690 3994 Ita
714 3947 798 4004 vero
822 3947 893 3996 non
918 3924 1074 4000 eristum
1103 3924 1163 4012 est,
1190 3925 1276 4022 lia-¹

279 4039 439 4114 bendum
464 4065 606 4138 quoque
629 4042 694 4114 else
712 4043 901 4139 Virgiliani
918 4043 1051 4138 ingenii
1075 4045 1200 4133 fetum,
1227 4047 1254 4118 fi

279 4163 377 4258 quod
392 4187 534 4238 carmen
551 4165 611 4250 est,
623 4149 720 4262 quod
735 4189 819 4238 eum
835 4158 907 4242 uon
918 4165 1095 4242 dedeceat.
1147 4168 1255 4240 Vetus

418 4299 421 4302 ’
577 4315 601 4378 4
1043 4270 1045 4273 ⁵
1140 4289 1260 4387 aliqua
