3225 5200
376 550 448 627 108
523 538 876 632 P.V1RGILII
911 540 1209 617 MARONIS

372 738 457 813 Non
473 755 595 810 tamen
610 736 769 809 absistam
787 753 953 833 coeptum
969 740 1134 811 detexere
1149 740 1295 811 munus,

372 867 416 943 In
432 892 504 965 quo
522 869 604 966 jure
620 894 715 942 meas
731 870 870 941 utinam
885 872 1102 966 requiescere
1117 871 1253 958 Musas,
1307 890 1357 951 ιο

372 1003 421 1090 Et
439 1002 751 1081 leviterblandum
768 1002 873 1080 liccat
888 1003 1063 1099 deponere
1080 1028 1230 1078 morem.

372 1136 503 1235 *Qud
520 1134 546 1207 fi
562 1136 756 1210 mirificum
772 1136 1062 1231 proferrevalcnt
1077 1162 1191 1234 genus
1204 1163 1329 1211 omnes

374 1277 596 1359 *Mirificum
612 1275 719 1377 laeli,
737 1276 846 1359 modo
862 1276 904 1357 fit
920 1277 988 1357 cibi
1005 1279 1097 1361 velle
1113 1277 1249 1366 libido;

372 1477 477 1540 pendet:
495 1480 528 1536 Et
540 1479 644 1545 placitum
654 1481 729 1545 paucis
739 1478 828 1546 «1ψῴ
846 1479 969 1544 adscendere
987 1480 1065 1539 cellen,
1085 1479 1134 1529 scil.
1166 1480 1293 1544 Sapientiae
1309 1478 1352 1528 seu

372 1552 492 1607 Virtutis:
513 1555 543 1603 ad
558 1570 630 1618 quam
646 1555 685 1602 via
694 1556 775 1611 ardua,
791 1554 845 1616 ripae
857 1554 931 1620 ἴβιος,
945 1555 1038 1620 vulgari
1055 1571 1113 1604 voce
1125 1555 1253 1609 ferebatur.
1266 1555 1297 1605 cf.
1317 1554 1354 1605 vl.

374 1639 416 1686 14.
449 1630 519 1679 Male
530 1633 559 1681 de
571 1633 678 1695 poetices
689 1630 758 1679 laude
774 1641 799 1677 et
814 1631 932 1677 Helicone
948 1642 1030 1682 moute
1041 1631 1160 1695 accipiunt
1171 1631 1222 1685 haee
1233 1631 1354 1695 interpres

372 1712 418 1763 ter,
439 1707 512 1757 etiam
532 1708 657 1757 Fontanin.
683 1707 743 1757 Hist.
763 1706 812 1756 litt.
834 1705 941 1769 Aquilei.
966 1723 992 1772 p.
1011 1722 1050 1770 35.
1068 1706 1139 1760 Balil.
1156 1707 1263 1775 suspensse
1287 1707 1354 1757 unde

372 1780 458 1839 Heius.
468 1783 567 1853 suspendi
585 1784 624 1833 vel
634 1784 659 1851 se
678 1784 753 1839 tendit.
788 1786 828 1848 Jo.
842 1782 967 1833 Schrader.
980 1784 1119 1831 Emendatt.
1137 1800 1158 1831 e.
1177 1799 1199 1846 3,
1215 1800 1240 1849 p.
1257 1799 1289 1845 55
1301 1785 1356 1850 sus·

370 1865 447 1927 pexit.-
461 1874 518 1908 eum
530 1862 614 1925 Jacobs
625 1862 720 1909 nostro:
738 1860 781 1908 inf.
799 1860 846 1910 218
857 1875 877 1909 et
887 1862 954 1909 alten
963 1862 1052 1929 suspicit
1061 1863 1092 1911 ed
1102 1862 1154 1910 ecclei
1170 1865 1268 1912 errantia
1274 1863 1353 1926 fidere

373 1938 452 1985 nendi.
485 1938 517 1985 Et
534 1934 644 1987 ficeodd.
657 1939 715 1985 AEu.
737 1939 782 1995 IX,
798 1952 847 1997 402
860 1938 971 2004 jiericr'enr
993 1939 1058 1987 clean
1077 1940 1107 1986 ad
1127 1942 1218 1988 Lenaee
1254 1942 1353 1993 Durum

374 2018 456 2065 tamen
475 2021 500 2059 et
519 2009 579 2059 hoc:
597 2028 651 2061 mea
663 2012 847 2077 Musasulpexit
866 2013 897 2061 ad
914 2012 1006 2062 caelum
1035 2015 1140 2080 placitum
1158 2027 1182 2062 et
1195 2017 1270 2080 paneis
1287 2025 1352 2073 vett,

374 2086 429 2135 edd.
440 2102 524 2135 omnes
542 2088 629 2137 habere
650 2088 754 2153 Scaliger
773 2090 822 2137 air:
838 2088 903 2153 quod
914 2104 999 2144 verum
1009 2104 1059 2137 non
1070 2088 1112 2137 est.
1144 2090 1247 2151 Legitur
1258 2086 1354 2153 paffim,

374 2163 449 2213 etiam
460 2162 485 2211 in
497 2162 574 2224 Bafil,
590 2167 669 2222 meltis,
688 2176 712 2213 et
724 2167 851 2232 placidum:
867 2164 907 2213 sed
927 2165 1020 2214 vitiose.
1052 2167 1129 2213 Vetus
1147 2167 1221 2215 editio
1239 2167 1267 2216 P.
1289 2169 1353 2217 Leo·

372 2238 442 2303 pardi
452 2240 516 2303 apud
526 2242 577 2305 Jac.
589 2240 711 2289 Loinlem
722 2242 845 2305 Epiphyll.
857 2243 924 2299 Vlll,
936 2256 965 2302 23
976 2246 1026 2292 Nec
1034 2243 1125 2308 scellenc
1135 2243 1215 2300 nelis,
1233 2258 1261 2291 ex
1275 2241 1355 2292 inter-

372 2316 515 2381 pretatione.
526 2318 632 2386 eseendere
641 2318 713 2365 callem
724 2317 785 2379 conj.
796 2316 988 2372 licini—10.
999 2330 1039 2365 11¹
1050 2320 1077 2364 ln
1085 2333 1133 2380 quo
1141 2319 1246 2365 carmine
1255 2318 1353 2375 utinam

372 2392 443 2447 liceat
455 2390 523 2439 finire
541 2394 632 2443 labores
646 2407 712 2439 meos
728 2392 853 2455 poeticos:
872 2390 944 2449 forte,
954 2404 982 2440 ut
993 2403 1072 2441 totum
1082 2394 1105 2442 se
1115 2392 1271 2457 philosophia
1282 2393 1352 2441 addi-

373 2478 421 2519 cat.
455 2466 501 2513 Sed
512 2479 611 2533 uterque
629 2467 708 2515 versus
726 2466 755 2514 ab
773 2467 945 2532 interpolatore
962 2468 1085 2531 profedue
1102 2469 1206 2519 videtur.
1238 2468 1352 2521 Otiosum

372 2544 440 2599 enim
460 2543 582 2591 ecdurum
598 2543 622 2589 el
632 2542 686 2606 jure
696 2552 720 2591 et
735 2536 825 2593 leviter.
860 2544 944 2595 Heins.
961 2546 1029 2610 conj.
1049 2563 1107 2605 rure,
1126 2544 1230 2593 hortulo.
1264 2544 1356 2606 Melina

371 2621 412 2685 jo.
425 2620 546 2672 Schrader.
559 2624 607 2672 rite.
642 2620 708 2670 Tum
719 2639 773 2669 eneas
784 2622 861 2685 Mulae
871 2623 934 2671 liceat
944 2624 1067 2688 requiescere
1077 2627 1098 2670 in
1109 2625 1146 2671 boc
1157 2625 1255 2678 carmine,
1265 2637 1352 2684 parum

373 2706 453 2744 comta
464 2696 549 2744 oratio.-
582 2699 699 2744 Attamen
718 2697 818 2745 blandum
829 2717 902 2745 neren
913 2714 963 2746 non
973 2698 1038 2746 male
1048 2697 1141 2745 dietum
1154 2708 1224 2762 putea
1234 2697 1263 2744 de
1273 2696 1353 2751 studia

372 2771 476 2839 poetico,
495 2771 533 2820 cui
551 2772 668 2838 indulget.
701 2774 753 2836 Jae.
775 2773 828 2820 Nic
849 2773 948 2821 Loenfia
966 2772 1088 2837 Epiphyll.
1109 2773 1175 2829 Vlll,
1198 2784 1229 2831 23
1249 2786 1280 2820 ex
1297 2783 1349 2825 vet.

371 2847 431 2898 edit.
446 2849 546 2914 deponere
557 2867 644 2900 annena
654 2848 754 2914 profert,
772 2850 845 2914 idque
857 2851 969 2906 Bacchius
978 2849 1080 2900 navers.
1094 2851 1129 2908 X,
1141 2862 1171 2904 η
1183 2847 1277 2916 probat,
1294 2864 1352 2908 euna

372 2925 470 2982 Heinsio
483 2924 567 2989 (quiet
579 2926 640 2990 eonj-
652 2930 743 2978 Leviter
753 2940 773 2990 pt
783 2928 894 2986 blandum,
903 2939 931 2976 ut
942 2931 1039 2978 Lucret.
1051 2927 1093 2975 lib.
1109 2929 1119 2973 l
1135 2928 1186 2993 pr.)
1200 2936 1224 2973 et
1242 2941 1296 2975 cum
1307 2927 1349 2992 Jo.

372 3005 506 3072 ,Schraderp
518 3007 655 3058 Emendate.
668 3022 692 3070 p.
703 3000 751 3065 64;
767 3005 813 3054 elle
824 3007 889 3056 enim
900 3008 966 3056 idem
976 3007 1023 3058 hoe
1034 3006 1097 3072 aprrd
1108 3007 1232 3056 Catullum
1243 3007 1352 3073 Lxxv,

374 3094 405 3142 13
423 3079 517 3148 Difficile
535 3085 561 3150 est
580 3085 663 3146 longene
674 3081 744 3148 ,ubire
754 3085 850 3148 deponere
860 3102 955 3132 ancrenr.
989 3085 1078 3134 Narrat
1089 3095 1206 3148 praeterea
1216 3083 1255 3150 Jo.
1265 3082 1351 3133 Schra-

371 3159 423 3212 der.
437 3157 505 3208 luisse
516 3163 557 3226 qui
569 3161 668 3210 mallet:
686 3162 783 3226 deponere
798 3164 1006 3214 boam—12.
1024 3165 1052 3209 ln
1071 3173 1130 3210 vett.
1149 3159 1214 3218 edd„
1228 3159 1303 3212 etiam
1321 3163 1349 3222 iu

372 3236 463 3288 Aldina
481 3248 591 3288 tantum:
618 3237 700 3306 chst
719 3239 829 3303 mirficum
849 3257 916 3306 gener
936 3257 1000 3290 onnes
1020 3238 1116 3302 legitur.
1150 3237 1271 3301 Mnficun
1286 3238 1353 3303 sceler,

371 3312 456 3362 eadem
468 3323 515 3362 vet.
528 3315 586 3372 edit.
601 3313 664 3377 apud
675 3315 795 3362 Loinsem
805 3314 823 3364 l.
834 3331 854 3362 e.
887 3316 938 3364 Nee
947 3316 1016 3362 aliter
1024 3313 1092 3363 uam.
1128 3311 1179 3378 Qi
1190 3326 1286 3359 carmen
1301 3312 1352 3366 hoc

372 3404 387 3438 a
403 3388 585 3438 diverlisdodlis
595 3388 731 3452 hominibus
750 3390 930 3454 interpolatum,
947 3388 1143 3454 interpolationes
1159 3386 1274 3434 autemin
1284 3403 1352 3440 mar,

370 3465 438 3528 gine,
449 3465 548 3514 obscuro
559 3467 680 3514 interdum
698 3477 721 3514 et
740 3483 825 3529 parum
842 3447 963 3514 elaboraiir
975 3467 1109 3513 litterarum
1127 3462 1202 3510 duelu
1220 3461 1350 3528 adscriptae

371 3540 520 3598 meminerit,
538 3543 558 3589 is
577 3541 705 3606 intelliget,
723 3559 796 3605 quam
813 3541 883 3588 facile
898 3542 923 3588 in
939 3541 996 3589 loeis
1006 3541 1044 3591 hia
1055 3557 1069 3588 a
1079 3537 1185 3596 librario,
1202 3538 1349 3603 quinorum

371 3615 427 3680 inde
444 3616 581 3680 exemplum
593 3616 698 3681 petebat,
714 3615 894 3682 depravationes
905 3615 987 3664 inferri
998 3626 1108 3680 potuere,
1124 3630 1182 3679 quaa
1192 3613 1272 3676 nullue
1287 3616 1351 3682 plina·

371 3692 444 3742 codex
455 3692 535 3744 sanare
547 3693 632 3758 potest.
665 3694 691 3738 ln
703 3691 727 3738 h.
746 3683 764 3738 l.
788 3703 870 3738 tamen
889 3691 998 3740 lacunam
1016 3691 1117 3740 seriores
1134 3690 1286 3756 grammatici
1305 3692 1348 3742 suo

370 3767 468 3841 quisque
486 3783 554 3819 more
573 3765 690 3834 supplere,
709 3777 733 3814 et
753 3765 793 3813 alii
804 3766 851 3813 alia
862 3767 887 3813 in
905 3767 1014 3835 margine
1025 3782 1114 3820 novare
1130 3777 1154 3814 et
1165 3767 1349 3818 verlusvariare

369 3854 501 3892 tentarunt.
535 3839 617 3908 ltaque
634 3852 763 3906 utrumque
780 3841 877 3890 versum
897 3855 927 3891 12
949 3853 973 3891 et
994 3856 1023 3904 1³
1043 3841 1088 3893 effe
1109 3841 1238 3900 delendum
1256 3845 1349 3908 censeo,

369 3929 494 3984 tamquam
505 3921 585 3984 inepta
602 3917 707 3983 pericula
724 3919 889 3982 grammaticae
906 3933 990 3967 manus
1008 3920 1033 3967 in
1052 3919 1121 3968 versu
1139 3919 1179 3967 seu
1195 3929 1286 3978 cetere,
1304 3919 1348 3984 qui

368 3995 496 4053 exciderat,
517 3994 649 4060 supplendo
662 3994 701 4042 seu
724 4011 788 4042 novo
808 3995 972 4060 procudendo.
1006 3994 1113 4060 Scaliger
1131 4005 1213 4044 tamen
1232 3996 1346 4062 refinxit}

369 4071 452 4140 Qedfi
461 4070 571 4131 majerum,
590 4073 672 4129 Valeri,
689 4089 820 4136 generenne
832 4073 920 4118 ‘tuorum
939 4072 1036 4136 Mirifice
1047 4072 1110 4138 seclis
1129 4072 1186 4119 node
1197 4073 1231 4136 fit
1246 4073 1347 4138 proferre

367 4149 440 4203 libide,
450 4146 476 4194 h.
490 4161 512 4195 e.
526 4145 542 4194 fi
554 4147 611 4196 elset
623 4147 683 4195 mihi
696 4147 770 4196 libido
781 4147 895 4196 mandare
906 4147 972 4194 seclis
984 4160 1008 4195 et
1020 4147 1143 4208 memoriae
1158 4158 1254 4195 aeternae
1269 4165 1349 4222 genua,

367 4223 528 4278 Valeriorum,
546 4240 575 4272 ex
589 4225 638 4288 quo'
649 4224 800 4274 Mellalarum
816 4223 916 4283 familia,
926 4240 977 4274 non
989 4241 1036 4289 ego
1048 4235 1073 4273 te
1088 4225 1221 4288 acciperem
1234 4224 1281 4273 hoe
1292 4241 1347 4276 mu·

367 4316 434 4372 pere,
453 4298 494 4350 sed
512 4297 584 4368 longe
601 4299 768 4364 excellentiore
789 4302 902 4361 carmine.
937 4301 988 4368 lpse
1005 4313 1087 4354 tamen
1105 4299 1209 4368 Scaliger
1224 4301 1272 4352 suae
1290 4318 1347 4351 eon·

375 4377 400 4388 ''
953 4373 956 4378 ’
1247 4375 1348 4444 iectura
