3225 5200
336 671 1153 804 PROOEMIUM

446 888 559 980 tn
652 879 1122 1031 coeant.¹

561 1087 902 1136 m

252 1186 491 1344 Suntntonn
517 1227 676 1329 carmina
702 1239 752 1327 en
774 1253 966 1328 Heinfiana
996 1276 1030 1328 et
1057 1257 1232 1329 Burman-

250 1381 356 1450 niana
371 1380 569 1451 recensione
584 1379 828 1476 repetivimus.
877 1379 935 1450 Ex
951 1379 1086 1450 caeteris
1108 1379 1231 1475 Virgi-

251 1505 303 1577 lio
318 1529 503 1602 perperam
516 1505 625 1600 vulgo
641 1491 783 1576 tributis
799 1504 1028 1588 carminibus,
1041 1527 1123 1598 quae
1141 1501 1230 1572 Bur-

253 1649 402 1699 mannus
416 1625 596 1700 Secundus
615 1627 879 1724 inAnthologia
896 1624 1023 1698 latina
1037 1625 1229 1720 nuperite-
1267 1626 1270 1629 ‘

250 1771 332 1820 rum
358 1743 564 1820 excudenda
580 1745 717 1821 curavit
734 1767 769 1821 et
787 1748 909 1820 multis
932 1747 1137 1819 eruditionis
1164 1770 1228 1818 co-

245 1869 316 1965 piis
329 1859 606 1958 illustravit‚duo
622 1869 737 1943 adhuc
754 1858 963 1968 subjungere
976 1869 1105 1964 placet,
1112 1868 1227 1963 Copam

247 2009 283 2062 et
304 1994 493 2065 Moretum:
517 2001 670 2090 quorum
686 1993 757 2066 hoc
779 1991 919 2088 prorsus
943 1990 988 2060 ab
1011 2014 1052 2062 eo
1076 2008 1228 2086 praeter-

248 2117 409 2205 millum,
436 2119 523 2198 illud
540 2115 837 2214 interpretationis
863 2115 979 2188 adhuc
1004 2115 1083 2186 luce
1109 2113 1227 2207 aliqua

247 2266 355 2339 egere
380 2240 493 2313 visum
520 2243 577 2331 est,
602 2243 753 2339 dignum
770 2258 875 2326 certe,
900 2237 996 2334 quod
1013 2238 1072 2309 hic
1089 2254 1227 2334 repete-

248 2382 356 2454 retur,
375 2390 458 2439 cum
476 2390 519 2438 ex
537 2362 796 2464 elegantissimis
813 2363 1001 2460 poematiis
1015 2363 1069 2439 stt.
1119 2453 1122 2458 ¹

297 2490 339 2561 ln
357 2517 449 2563 anum
470 2493 629 2586 propalam
657 2489 830 2586 scriptum
859 2485 925 2559 elle
951 2505 1092 2558 carmen
1114 2485 1224 2583 vulgo

245 2620 355 2691 aiunt.
408 2619 463 2689 lta
479 2642 563 2689 vero
579 2616 694 2689 omnis
712 2614 784 2713 ejus
802 2615 950 2688 suavitas
966 2607 1101 2688 sublata
1124 2620 1222 2691 etad

244 2763 363 2810 veram
381 2740 707 2832 interpretationem
722 2740 779 2809 via
792 2737 963 2833 praeclusa
978 2739 1089 2811 videri
1102 2740 1219 2815 debet.

245 2868 365 2939 Immo
382 2890 463 2937 vero
479 2870 630 2936 moilatio
645 2866 694 2936 est
706 2867 749 2935 ud
764 2870 1011 2961 computationem
1023 2882 1055 2937 et
1070 2868 1222 2939 hilariter

244 2993 425 3087 exr'gendum
443 2980 523 3063 diem
541 2995 574 3061 in
588 2992 720 3062 taberna
731 2994 942 3086 ,conpererim
966 2989 1065 3087 cujus
1080 2993 1220 3086 generis

241 3113 341 3185 fuere
366 3112 455 3183 olim
483 3113 614 3207 plures,
638 3130 678 3183 ut
694 3112 803 3183 etiam
820 3136 913 3184 nunc
930 3110 1022 3197 sunt,
1046 3132 1143 3182 extra
1159 3136 1221 3183 ur-

242 3236 340 3324 bem,
372 3235 417 3309 ad
447 3232 610 3307 Tiberim
640 3225 675 3307 et
704 3232 749 3307 ad
781 3234 878 3308 littus
908 3238 1046 3307 maris
1077 3237 1136 3308 Ad
1162 3260 1219 3309 eas
1297 3278 1307 3286 -

242 3356 402 3429 tabernas
420 3380 490 3435 non
515 3356 624 3428 modo
640 3352 778 3429 sordida
795 3375 830 3432 et
846 3358 985 3429 nautica
1010 3360 1110 3454 plebs
1131 3386 1220 3433 con-

243 3478 393 3551 fluebat:
421 3502 544 3549 verum
560 3498 656 3550 erant
674 3479 781 3552 etiam
798 3479 888 3565 aliae,
904 3503 990 3575 quas
1004 3480 1166 3557 lautiores
1182 3505 1218 3559 et

240 3601 471 3699 elegantiores
488 3604 649 3677 homines
665 3603 813 3677 adirent.
1118 3675 1120 3679 ,

221 3718 226 3729 ’
289 3722 397 3823 Qud
418 3723 501 3819 Copa
517 3748 659 3831 carmen
681 3724 891 3822 inscriptum
917 3728 977 3812 est,
997 3729 1034 3800 id
1057 3754 1077 3800 a
1099 3732 1218 3824 prima

238 3845 314 3944 ejus
340 3869 427 3917 voce
452 3844 565 3916 fluxit.
628 3846 722 3943 Copa,
750 3869 862 3943 raupa,
893 3868 984 3943 cupa,
1011 3850 1141 3922 mulier
1168 3854 1218 3925 est

236 3972 423 4068 cauponia,
440 3989 480 4043 ut
497 3970 637 4069 copiose
650 3972 808 4076 Scaliger
823 3976 957 4047 docuit.
1007 3974 1084 4046 Nec
1099 3995 1219 4049 tamen

236 4099 273 4171 h.
293 4100 319 4173 l.
338 4121 429 4183 eam,
446 4120 528 4192 quae
544 4121 743 4194 cauponam
760 4100 835 4195 ipsa
845 4120 995 4187 exercet,
1019 4100 1219 4199 intelligere
1334 4182 1337 4194 ¹

231 4220 367 4294 neceffe
398 4222 462 4321 est,¹
489 4220 548 4294 sed
579 4222 791 4320 simpliciter
827 4224 1027 4315 mulierem,
1060 4252 1142 4323 quae
1180 4214 1219 4299 in

232 4366 395 4437 caupona
413 4344 468 4416 vel
490 4347 633 4419 taberna
650 4367 762 4425 artem
786 4370 937 4424 exercet.
989 4353 1053 4425 Est
1070 4355 1167 4424 enim
1179 4352 1217 4422 h.

229 4464 255 4533 l.
284 4466 506 4553 crotalistria,
528 4471 564 4542 h.
584 4494 603 4541 e
627 4470 782 4548 saltatrix
796 4500 880 4549 cum
894 4476 1048 4562 crotalis,
1071 4500 1090 4546 e
1111 4489 1218 4571 gente

280 4583 384 4657 Vot:
402 4586 468 4664 lV.
718 4618 741 4667 o
1031 4598 1222 4690 Syrorumr
