3225 5200
634 546 882 636 crura¹
1177 570 1242 649 139

258 746 391 824 Omnia
409 770 469 821 me
486 745 603 845 potius
619 746 727 844 digna
742 762 850 841 atque
864 742 1014 841 indigna
1030 742 1203 815 laborum·

260 886 381 959 Millia
393 884 561 970 visuram,
586 905 692 978 quam
710 900 746 953 te
762 898 837 951 tam
854 878 1009 953 tristibus
1022 878 1096 953 istis

261 1020 431 1093 Sardibus
443 1035 480 1089 et
498 1016 608 1089 scoria
623 1014 736 1111 patiar
747 1012 923 1087 tabescere
935 1013 1010 1087 tali.

247 1207 250 1215 ,
312 1150 405 1223 Haec
421 1148 598 1243 loquitur:
626 1142 797 1239 mollique
813 1159 854 1215 ut
864 1142 898 1215 se
908 1141 1040 1217 velavit
1054 1147 1199 1235 amidio,

263 1284 483 1380 Frigidulam
500 1277 629 1377 injecta
645 1276 843 1371 circumdat
861 1279 953 1352 veste
969 1282 1138 1377 puellam,
1173 1307 1238 1380 251

261 1419 357 1518 Qae
372 1419 470 1516 prius
487 1416 523 1487 in
535 1412 636 1485 tenui
649 1412 790 1484 steterat
802 1411 980 1489 succincta
993 1441 1135 1493 corona.

296 1624 352 1674 247.
370 1616 456 1677 datque
474 1613 489 1657 ι’.
507 1611 600 1656 laturam
619 1614 678 1653 vett.
692 1602 745 1651 edd,
765 1619 820 1651 cum
839 1606 882 1657 ms,
904 1608 986 1669 Baiis„
1001 1623 1120 1677 corrupte·
1154 1612 1243 1661 Em.

262 1686 346 1736 datum
361 1689 426 1739 dedit
441 1689 490 1754 jam
503 1685 601 1741 Aldina,
618 1692 643 1729 ut
656 1681 728 1738 dicat,
745 1679 767 1727 se
780 1682 861 1745 potius
877 1686 959 1733 omnia
974 1691 1042 1738 millia
1060 1691 1151 1737 laborum
1161 1688 1244 1756 φοί·

254 1766 340 1828 surani,
354 1776 504 1831 experturam
514 1760 634 1825 (Propert.
647 1759 680 1804 At
691 1757 729 1803 cibe·
739 1775 837 1805 cararum
851 1763 919 1808 millia
938 1775 1015 1825 quanta
1036 1769 1091 1814 dabir
1100 1766 1139 1829 ἵ),
1156 1766 1186 1815 cf.
1197 1766 1243 1815 inf.

259 1854 318 1901 521,
334 1844 395 1906 digna
413 1833 692 1904 aqueudr'guascf.AEn.
707 1833 923 1899 1x‚395),quam
939 1850 966 1888 nt
986 1856 1040 1890 eam
1056 1842 1142 1891 misero
1159 1857 1242 1891 amore

260 1918 424 1967 contabescere
446 1916 636 1975 hah-249·
655 1912 727 1974 storia
744 1915 822 1974 passa!
842 1913 943 1976 {abes-ere
958 1918 1005 1964 sasi.
1037 1919 1113 1966 Recste
1136 1918 1242 1982 Scaliger

260 2005 334 2057 negat
349 1990 485 2057 Virgilium
506 1986 598 2037 sordida
621 1985 694 2036 verba
714 1986 837 2051 explebit
854 1988 906 2037 sere
928 1991 975 2039 liae
1000 1991 1120 2043 inserfisse.
1155 1993 1239 2043 Heins-

261 2070 400 2135 ingeniose:
415 2080 490 2117 teratu
501 2067 588 2133 mstibur
598 2084 674 2129 egram
685 2064 782 2111 Sardibus
793 2075 879 2114 atera.
911 2068 978 2117 Idem
985 2069 1109 2118 tentabat:
1127 2073 1193 2129 Filia,
1206 2074 1241 2119 Ia·

264 2156 344 2204 taram,
359 2144 400 2193 vel
407 2144 531 2210 paffiaranr:
546 2156 600 2188 nam
612 2137 767 2188 intramnis.
778 2142 945 2189 miliciarum.
979 2144 1051 2192 Certe
1057 2146 1135 2211 storia,
1149 2146 1179 2193 de
1190 2162 1241 2195 me-

265 2222 318 2270 talli
326 2222 435 2271 sordibus
446 2216 543 2285 proprie
553 2216 624 2275 diua,
640 2231 671 2263 an
683 2216 712 2263 de
724 2215 802 2264 morbi
814 2216 853 2265 vel
864 2217 943 2267 ludius
958 2218 1066 2283 squalore
1075 2221 1105 2269 ab
1114 2222 1166 2271 aliia
1175 2223 1241 2272 diota

263 2297 301 2356 iit,
312 2300 457 2363 ignoramus.
492 2296 629 2356 Tumscoria
640 2293 754 2360 eampse
765 2294 805 2342 vel
815 2295 903 2362 rugila
910 2296 1015 2359 primam
1023 2296 1121 2347 haberet
1131 2297 1240 2363 longam.

264 2375 337 2425 Possit
349 2375 445 2440 quidem
455 2372 511 2421 huic
521 2371 580 2421 vitio
591 2370 624 2419 ita
635 2371 736 2429 occurri,
751 2382 779 2420 ot
788 2371 910 2437 didyllaba
921 2388 968 2423 uox
971 2375 1043 2437 scoria
1053 2374 1110 2431 fiat;
1134 2376 1181 2424 Sed
1191 2374 1242 2441 ipsa

260 2448 308 2503 uox
318 2452 412 2502 serioris
423 2448 574 2516 grammatici
585 2459 609 2496 et
620 2447 682 2495 sorte
691 2447 812 2507 monachi,
827 2449 868 2513 qui
877 2450 906 2498 de
913 2448 987 2498 scoria
996 2450 1091 2512 scabiei,
1106 2468 1154 2516 qua
1168 2463 1243 2501 vexa‘

261 2530 341 2590 batur,
356 2528 486 2595 cogitabat,
500 2541 598 2573 ntauum
610 2524 709 2574 redolet.
743 2524 824 2573 Multo
839 2525 925 2574 soediun
932 2526 1075 2576 vocabulum
1086 2527 1240 2577 substituebat

260 2609 383 2660 Reinefiua
394 2607 468 2674 Epist.
480 2606 510 2654 ad
522 2605 654 2654 Daumium
666 2605 807 2671 Appendp.
819 2609 954 2670 majorica,
962 2606 987 2657 h.
1000 2607 1095 2657 latrina.
1129 2608 1241 2657 Rarthiuc

256 2692 321 2748 carie,
336 2687 441 2752 Scaliger
456 2683 568 2748 legebat:
588 2683 664 2745 scabre
680 2683 777 2744 tabescere
793 2685 835 2730 tali
842 2702 851 2732 e
879 2699 892 2730 a
912 2683 1011 2742 scabres,
1025 2686 1148 2748 antiquata
1168 2701 1238 2736 voce.

259 2763 314 2821 Sed,
330 2762 348 2811 fl
359 2761 482 2824 antiquata
493 2756 616 2806 inserenda
623 2757 687 2817 sunt,
697 2755 766 2821 poffit
775 2757 911 2825 aliussquale
920 2759 1045 2824 conjicere,
1052 2759 1171 2827 asqnalea,
1177 2761 1203 2811 h.
1213 2778 1237 2811 e.

212 2837 215 2844 ⁴
258 2837 364 2904 squalor.
395 2839 433 2886 De
441 2836 542 2884 veritate
553 2845 634 2882 tamen
646 2834 767 2900 scripture.
779 2835 814 2884 ita
824 2851 872 2884 non
880 2838 1062 2901 magisconllat.
1096 2840 1239 2889 Vctunedit.

260 2916 325 2980 apud
335 2915 455 2964 Loensem
466 2913 482 2962 l.
491 2910 621 2960 ebibebat
630 2915 688 2971 cilia,
703 2912 746 2962 ms.
764 2913 866 2961 Helmsi.
877 2918 982 2978 ascania,
997 2917 1061 2980 quod
1072 2916 1101 2966 ad
1102 2920 1193 2979 scoriam
1204 2917 1239 2966 al·

258 2989 329 3041 ludit.
363 2991 415 3038 Nee
427 3000 506 3037 tamen
518 3003 547 3035 eo
556 2985 733 3035 deveniendum
745 2997 796 3035 erat
812 2994 902 3052 poeta,
917 3002 943 3038 ut
956 2991 1019 3038 casea
1036 2991 1079 3038 tali
1091 3008 1150 3040 voce
1159 3005 1240 3044 utere·

257 3077 315 3126 tun
331 3075 426 3132 poterat
437 3064 501 3112 enim
511 3061 625 3111 scribere=
643 3065 683 3109 tali
693 3063 790 3126 tabefiere
796 3065 859 3130 peste,
873 3067 914 3112 tasi
927 3069 1032 3129 liquescere
1038 3070 1092 3115 tabe.
1125 3069 1172 3116 Vir
1183 3071 1240 3120 doc-

256 3154 296 3192 tu!
315 3142 384 3191 Misc.
396 3137 461 3189 Obss'.
474 3139 516 3193 lV,
533 3154 556 3202 p.
570 3149 617 3198 323
630 3137 740 3186 tentabat
759 3159 810 3186 cara
821 3139 860 3187 vel
873 3142 947 3204 scaio;
970 3160 1020 3188 cara
1041 3159 1136 3206 quoque
1155 3145 1239 3196 Heius.

257 3232 281 3268 et
292 3221 330 3286 Jo.
344 3217 468 3266 Schrader.
502 3215 537 3262 Ex
556 3211 663 3261 hisvero
680 3213 816 3279 corruptela
834 3214 877 3263 ista
887 3216 963 3264 enasci
974 3217 1014 3264 vix
1025 3217 1112 3280 potuit.
1145 3221 1238 3270 Verum

257 3296 356 3346 omnino
365 3304 430 3342 totus
441 3291 506 3340 locun
516 3290 572 3338 inde
587 3306 601 3338 a
613 3302 659 3348 ιιι
672 3305 686 3338 a
696 3289 784 3340 seriore
796 3307 869 3340 manu
881 3293 1080 3352 venite—250.
1099 3291 1144 3340 Vir
1154 3293 1239 3345 doen·

259 3373 285 3422 in
302 3371 370 3422 Mise.
392 3367 458 3418 Obss.
473 3367 530 3418 Vol.
544 3370 585 3425 lV,
596 3383 621 3434 p.
633 3381 680 3429 323
693 3367 819 3417 tentabat:
837 3373 998 3433 atseevelavr'r,
1014 3369 1053 3416 vel
1063 3373 1119 3417 molli
1136 3381 1159 3418 at
1167 3375 1239 3435 sede·

258 3451 352 3497 velavit.-
370 3463 426 3496 nam
437 3445 556 3494 nutricem
567 3444 703 3502 detradlum
721 3445 768 3494 suia
786 3445 893 3494 humeris
909 3457 1007 3510 tegmen
1023 3447 1108 3511 puellae
1127 3447 1238 3513 injecisse.

260 3525 344 3574 neue
374 3528 465 3571 Annon
475 3535 533 3569 vcro
545 3519 662 3569 ficnutrix
673 3521 723 3585 ipsa
733 3534 783 3570 erat
795 3519 892 3570 velata?
923 3524 1005 3587 Ergo:
1023 3525 1238 3576 utillaeratveste
1276 3515 1284 3527 ⁰

258 3604 357 3662 anaide,
370 3601 476 3668 puellam
487 3599 619 3650 circumdat
631 3617 667 3650 ea.
701 3601 727 3649 Si
745 3603 803 3666 quid
814 3603 966 3660 mutandum,
981 3602 1060 3668 legam
1077 3605 1160 3654 saltem
1178 3611 1238 3656 vela·

256 3693 301 3733 rat.
337 3679 382 3728 Sed
392 3681 478 3726 celavit
489 3673 585 3723 defendi
596 3675 683 3738 potest,
698 3679 762 3740 quod
772 3679 884 3743 prasenti
895 3690 1003 3742 tempore
1015 3680 1101 3739 utitur,
1116 3685 1237 3734 circumdat.

257 3760 283 3812 ai
301 3755 439 3805 circumdabar
460 3749 549 3808 suisset,
564 3750 691 3799 necessario
711 3757 819 3802 velaverat
837 3753 1133 3818 requirebatur—251.
1160 3761 1239 3807 incana

155 3857 162 3872 ·
254 3838 308 3902 «asse
324 3832 417 3880 Ascens.
430 3829 651 3893 legerat—252.
670 3832 731 3896 Qae
748 3835 811 3895 prius
831 3837 853 3878 ia
874 3832 1024 3895 tenuistanac
1034 3835 1139 3893 specialia
1158 3852 1240 3882 camna.

254 3913 375 3977 Equidem
387 3920 469 3956 totum
481 3905 575 3956 vertant
585 3903 705 3954 sublatum
717 3905 791 3955 velim
802 3919 927 3972 tamquam
937 3906 1040 3955 allatum
1047 3907 1123 3971 inepti
1133 3907 1239 3958 hominia

1163 3987 1238 4040 inter-

297 4167 365 4229 ²45·
399 4147 564 4227 Didynnam
589 4169 661 4209 nuno
686 4150 721 4208 de
808 4166 875 4228 250.
896 4147 990 4224 thue
1009 4146 1077 4224 ipsa,
1096 4145 1154 4207 scil.
1168 4147 1237 4206 car-

250 4225 310 4314 ipsa
352 4225 445 4284 Diana
486 4233 570 4306 potita
610 4227 722 4286 videtur
771 4244 826 4294 me,
859 4223 955 4282 amida
978 4241 1035 4313 crat
1059 4225 1135 4313 molli
1155 4226 1234 4283 veste.

251 4322 387 4380 accipere.
426 4303 466 4366 cs.
507 4303 578 4362 Eae.
620 4305 656 4362 ad
693 4325 721 4366 v.
772 4299 849 4388 Nota
864 4301 1084 4390 formadrcendr,
1103 4310 1236 4380 proquo*

251 4399 311 4440 220
320 4379 344 4441 f.
771 4397 858 4449 mam,
877 4378 1108 4458 quandoquidem.
1189 4453 1207 4514 6

1169 4469 1237 4512 ιο.
