3225 5200
606 532 846 611 CIRIS.
1153 552 1220 633 137

216 730 310 805 .Nec
327 730 499 831 gravidos
516 732 652 809 Cereris
667 736 786 809 dicam
796 736 1004 832 contingere
1016 733 1132 807 fetus?
1150 752 1220 827 230

236 867 318 966 Qa
334 867 451 959 caulla
466 869 511 942 ad
523 872 678 967 patrium
695 870 805 945 solam
815 859 971 968 ¹vigilare
986 870 1120 956 cubile,

234 1000 417 1099 Tempore
428 1026 503 1098 quo
521 1003 617 1077 sellas
634 1005 795 1077 mortalia
810 1006 954 1098 petiora
965 1027 1077 1088 curas,

238 1141 324 1241 Qo
334 1144 480 1239 rapidos
495 1142 607 1219 etiam
619 1142 842 1239 requiescunt
859 1141 1009 1214 flumina
1022 1133 1164 1211 cursus?

239 1273 310 1347 Dic
325 1302 390 1373 age
407 1302 499 1350 nunc
518 1276 659 1350 miserae
675 1276 812 1363 saltem,
837 1276 933 1373 quod
951 1275 1045 1370 saepe
1060 1270 1197 1368 petenti

237 1412 388 1511 Jurabas
400 1411 572 1487 nihil‘effe
588 1410 693 1497 mihi,
718 1434 804 1485 cum
823 1411 946 1491 maesta
960 1403 1114 1507 parentis
1150 1433 1192 1505 23
1198 1429 1217 1505 ς

240 1547 428 1622 Formosos
445 1550 585 1623 circum
601 1549 706 1645 virgo
722 1572 898 1619 morerere
914 1547 1091 1645 capillos?

242 1686 318 1759 Hei
334 1687 436 1775 mihi,
461 1712 505 1758 ne
522 1686 622 1759 furor
637 1683 699 1755 ille
712 1702 789 1754 tuos
806 1684 972 1756 invaserit
987 1704 1094 1773 artus,

212 1870 217 1877 ,
240 1820 320 1907 llle,
344 1820 474 1893 Arabis
485 1818 650 1913 Myrrhae
664 1816 847 1913 quondam
862 1818 926 1913 qui
941 1820 1040 1915 cepit
1054 1822 1199 1913 ocelloS,

242 1957 296 2029 Ut
312 1955 442 2029 scelere
458 1953 615 2039 infando,
639 1951 740 2048 quod
751 1974 817 2023 nec
835 1948 917 2026 finit
934 1950 1109 2043 Adrastia,

276 2191 336 2239 231.
356 2182 411 2246 Qu
421 2178 488 2245 causta
500 2177 571 2226 Aldd.
602 2177 681 2243 quein
692 2176 848 2238 al.--232.
865 2176 931 2241 Ergo
942 2184 1028 2243 pedara
1047 2184 1178 2244 requestam,
1192 2182 1236 2233 fa...

243 2255 314 2306 ciunt
326 2255 454 2319 quiescere,
469 2254 612 2320 curasfeffin:
639 2270 694 2301 eum
707 2252 756 2317 ipsa
768 2252 814 2301 srnt
828 2254 895 2319 seffa.
931 2254 1032 2321 Alioqui
1044 2258 1109 2323 stffae
1129 2263 1227 2307 mortalia

241 2338 330 2397 pedara
341 2351 397 2382 curae
409 2332 567 2395 conjicerem:
594 2332 644 2398 'l'sae
655 2349 712 2379 cura
725 2330 790 2395 seffae
803 2337 877 2394 peetus
897 2330 972 2395 quieti
983 2332 1006 2380 le
1017 2334 1073 2381 dare
1085 2336 1226 2388 concedunt.

245 2422 368 2470 —234
387 2411 526 2456 nuncrandem
537 2406 640 2455 malebat
652 2405 868 2471 Jacobs.--236.
886 2424 992 2455 morerere.
1026 2410 1062 2457 Ira
1074 2410 1147 2458 etiarn
1166 2413 1228 2463 Ald.

244 2491 299 2537 morl
305 2504 336 2536 ne
347 2486 495 2537 vehementis
506 2485 595 2532 amoris
604 2484 661 2537 aestu
670 2500 697 2531 ac
708 2482 763 2532 tabe
772 2498 821 2531 non
833 2485 979 2549 ignoramus,
993 2485 1033 2533 sed
1048 2486 1079 2534 ab
1096 2487 1121 2535 h.
1141 2488 1158 2537 l.
1170 2491 1229 2538 alie.

245 2580 304 2616 num
316 2565 358 2616 est.
391 2565 452 2614 Edd.
463 2565 530 2630 Junt.
540 2563 570 2611 de
579 2562 664 2610 Tertia
673 2572 697 2610 et
713 2560 766 2609 aliae
784 2580 891 2611 remorare.
925 2560 1027 2634 Loenfia
1045 2564 1062 2615 l.
1084 2582 1104 2614 c.
1115 2568 1228 2618 emendat

245 2662 356 2700 remorare,
373 2643 413 2692 sed
424 2653 476 2691 tota
487 2640 604 2688 sententia
615 2639 715 2688 laborat.
750 2639 799 2686 Pro
814 2658 858 2686 cum
876 2639 922 2703 leg.
945 2659 981 2686 cur
998 2651 1021 2688 et
1041 2640 1072 2689 lic
1087 2655 1153 2692 totus
1163 2645 1230 2696 locut

245 2719 437 2769 constituendum
455 2721 500 2767 Dic
510 2737 548 2782 age
558 2719 690 2780 nuucsalrem
701 2719 790 2780 misene,
806 2718 916 2779 quodsaepe
926 2721 1005 2781 pelenti
1021 2719 1120 2784 Jurabas
1130 2724 1185 2769 nibil
1192 2725 1229 2790 effi

246 2799 312 2846 mihi:
329 2815 366 2843 cur
384 2797 448 2862 mesta
457 2797 552 2860 parentis
564 2795 666 2856 Formcffos
678 2797 753 2839 circum
764 2796 825 2855 virgo
838 2811 940 2838 remorare
950 2795 1052 2858 capillos?
1066 2795 1091 2842 h.
1104 2813 1125 2844 e.
1158 2799 1230 2849 Nunc

248 2873 333 2922 laltem
344 2872 405 2920 mihi
417 2873 463 2929 dic,
474 2887 516 2919 cur
524 2871 586 2918 eirca
594 2878 701 2933 parentls
712 2883 806 2916 comam
818 2869 927 2917 haereas?
943 2869 968 2917 id
977 2872 1141 2935 qnodquotier
1151 2877 1230 2927 adhuc

247 2967 277 3000 ex
287 2949 402 2998 reaudire
413 2949 487 3008 volui,
501 2961 529 2997 tu
547 2947 609 2995 mihi
625 2945 730 3012 jurabas,
747 2947 802 2993 nihil
812 2947 855 3014 effe
889 2951 1000 2995 Sumtum
1021 2947 1068 2996 hoc
1086 2967 1115 2998 ex
1136 2954 1232 3018 vulgari

244 3027 365 3076 sermone.
399 3027 499 3088 Formofirs
509 3027 592 3090 capillos
604 3024 664 3073 dixit
675 3041 720 3090 pro
731 3040 780 3072 uuo
792 3041 864 3072 aureo
876 3025 949 3073 crine.
984 3025 1030 3072 Sed
1046 3028 1123 3074 multa
1138 3031 1163 3077 in
1182 3032 1232 3081 hoc

247 3104 354 3154 carmine
367 3103 407 3151 vix
415 3119 469 3150 cum
480 3103 573 3151 deledlu
586 3101 669 3167 pofita.
703 3103 739 3150 lta
755 3117 812 3149 mox
816 3105 885 3165 furor
898 3105 950 3165 cepit
960 3105 1158 3168 ocellos.—-239,
1167 3109 1233 3172 ſsm'r,

247 3181 336 3239 [iverit.
351 3181 386 3228 ait
405 3179 516 3244 Scaliger,
542 3191 570 3228 ut
592 3181 633 3226 edit
655 3179 718 3243 apud
740 3179 829 3227 Horat.
842 3195 886 3242 pro
898 3179 960 3227 edat.
985 3181 1038 3242 strit
1051 3181 1185 3244 antiquum,
1201 3195 1229 3232 ut

247 3259 311 3325 apud
322 3257 436 3306 Plautum
449 3267 473 3304 et
484 3257 605 3304 Catonem
618 3256 730 3313 occurrit,
748 3257 871 3303 detortum
889 3255 939 3302 fere
957 3256 983 3301 iu
994 3257 1056 3320 finit,
1072 3256 1096 3302 h.
1114 3258 1131 3304 l.
1151 3274 1230 3312 metro

248 3347 375 3400 repugnat,
390 3333 537 3396 omninoque
545 3333 629 3380 malim
630 3335 690 3398 fluat
701 3335 711 3379 l
738 3333 784 3380 hoc
801 3333 875 3379 etiam
887 3331 988 3380 Loenlis
996 3334 1097 3396 protulit
1105 3336 1230 3402 Epiphyll.

248 3415 314 3472 vlu,
325 3411 364 3462 26.
400 3413 431 3458 Et
440 3411 552 3458 Gravius
560 3411 729 3459 emendaverat
742 3427 796 3458 cum
804 3413 842 3475 Ju.
852 3410 989 3459 Schradero.

248 3605 350 3682 χλωρὸς
358 3621 406 3680 pro
419 3605 514 3680 ὠχρὸς,
534 3617 599 3661 nota
612 3621 654 3660 res
667 3603 716 3662 est.
803 3609 869 3681 238.
891 3605 935 3662 De
944 3606 1060 3679 Myrrha
1073 3618 1137 3662 nota
1149 3605 1229 3662 fabu-

249 3700 317 3756 ²30·
347 3687 472 3758 gravidos
504 3683 603 3738 Cereris
633 3689 715 3758 setar.
764 3681 790 3738 la
803 3703 838 3740 ex
860 3683 947 3740 Ouid.
969 3682 1041 3742 Met.
1063 3683 1103 3740 Χ.
1143 3683 1230 3740 Arabs

250 3758 372 3835 Scaliger
392 3763 503 3830 γονίμυς,
524 3757 653 3814 fecundos
673 3759 716 3815 vel
763 3778 794 3815 ea
807 3759 892 3827 dicia,
910 3760 958 3817 etsi
978 3760 1090 3834 Cinyrae
1113 3759 1230 3834 Paphio·

247 3834 374 3902 letificas,
409 3838 609 3911 interpretatur.
662 3835 716 3894 Ge.
764 3855 824 3892 rum
837 3837 867 3893 in
878 3837 974 3912 Cypro
984 3835 1120 3912 regislilia
1134 3835 1235 3904 luerit.

247 3912 289 3980 ΙΙ,
314 3915 605 3992 143gravrdaesrages,
623 3926 651 3968 er
661 3911 715 3972 Ge.
764 3913 849 3988 fitque
862 3915 974 3970 omuino
986 3913 1105 3968 narratio
1120 3931 1155 3967 ex
1169 3912 1229 3986 Cy.

248 3988 275 4058 I,
299 4008 355 4065 319
371 3993 491 4070 grovilla
507 3993 590 4068 seges,
611 3989 659 4046 ubi
682 3990 717 4046 ad
765 3989 833 4066 priis
845 3989 941 4046 fabulis
959 3991 1049 4046 dufla.
1089 3988 1142 4052 Sed
1164 3988 1232 4068 fuga

246 4067 358 4124 succum
378 4065 524 4125 nutritium
543 4065 631 4124 retuli.
652 4087 717 4142 233·
767 4065 856 4122 delata
875 4067 910 4122 est
926 4065 1043 4140 Myrrha
1057 4063 1085 4122 in
1099 4065 1230 4130 Arabiam

248 4149 408 4222 requiescant,
437 4141 585 4209 tranfitive,
615 4157 646 4200 ut
667 4143 718 4200 ob·
765 4141 861 4217 ibique
878 4142 906 4198 in
927 4143 1049 4200 arborem
1069 4159 1180 4208 mutata,
1201 4162 1232 4204 ut

248 4219 325 4276 vium
337 4221 373 4277 est
385 4221 493 4287 videre,
500 4239 554 4355 {Iro
565 4221 716 4277 retardare:
768 4219 825 4295 ipse
837 4219 922 4276 Ouid.
937 4219 977 4286 X,
991 4241 1046 4298 477
1057 4221 1164 4299 latosque
1177 4247 1232 4278 va·

245 4295 289 4352 uti
306 4297 369 4371 'jam
380 4299 481 4377 Eclog.
529 4295 583 4366 III,
606 4319 625 4372 4
647 4297 718 4356 vidi·
764 4313 833 4373 gata
841 4313 979 4376 peragras,
999 4298 1150 4376 Palmfiros
1160 4300 1240 4369 Arcu,

247 4393 318 4434 mus,
605 4465 611 4472 ι
769 4373 1233 4510 ὀαεΡαπώιεαφιιενιινανεξίητᾳαιῖᾗ
