3225 5200
619 537 903 616 CULEX.

281 747 449 828 infandas
467 745 632 821 scelerata
644 767 768 816 manus
785 741 920 815 ecaede
934 757 1101 814 cruenta:

281 883 377 980 Qae
391 878 524 980 gelidis
538 873 709 946 bacchata
719 869 820 970 jugis
835 871 1010 968 requievit
1024 873 1061 945 in
1077 888 1190 958 antro,

283 1014 459 1092 Posterius
474 1034 626 1110 poenam
641 1007 741 1104 gnati
758 1007 793 1078 se
817 1000 934 1079 mort'e
949 997 1115 1080 suturam.

284 1148 358 1222 Hic
374 1147 484 1220 etiam
499 1143 606 1216 uiridi
621 1143 778 1216 ludentes
792 1140 907 1214 'Panes
922 1141 959 1212 in
975 1141 1096 1229 herba,

282 1281 335 1356 Et
351 1280 465 1374 Satyri
478 1273 704 1372 Dryadesque
721 1276 848 1348 choros
864 1301 967 1374 egere
979 1281 1110 1375 puellae
1196 1305 1236 1354 rr
1243 1303 1261 1378 ς

284 1415 466 1496 Naiadum
486 1434 599 1488 coetu.
651 1413 812 1483 Tantum
827 1437 899 1484 non
916 1413 1081 1511 Orpheus
1098 1418 1266 1491 Hebrum

287 1549 491 1641 Restantem
508 1545 624 1620 tenuit
640 1545 727 1639 ripis
744 1543 916 1640 filvasque
930 1549 1103 1636 canendo,

286 1682 472 1782 Qantum
489 1699 537 1770 te,
553 1677 725 1766 *Peneu*,
750 1697 989 1752 remorantem
1003 1682 1063 1753 dia
1078 1683 1217 1774 chorea,

287 1845 367 1895 traxit.
401 1843 469 1892 Mihi
477 1857 521 1891 nec
533 1840 595 1897 haec,
609 1853 653 1886 nec
671 1836 716 1884 alia
728 1834 842 1900 scaligeri
853 1838 967 1903 trajettio
977 1840 1089 1891 versuum
1100 1843 1186 1909 placet.
1221 1847 1269 1893 ra·

283 1940 334 1988 gere
344 1923 414 1979 deum,
424 1922 508 1987 sugere
518 1918 639 1972 Bacchum,
656 1913 786 1962 commode·
795 1913 852 1963 satis
861 1915 956 1965 dicium
967 1918 1000 1966 cst
1008 1919 1037 1967 de
1054 1921 1192 1981 Sotimus,
1209 1935 1270 1986 quor

285 1997 384 2063 premit,
393 2006 474 2060 urget,
483 1995 549 2050 deus,
566 2003 593 2039 ut
605 2001 681 2047 vates,
701 2005 755 2052 quae
765 1989 896 2051 bacchatur,
912 2011 1013 2058 magnum
1025 1997 1050 2059 fi
1055 2004 1138 2061 pertore
1147 1999 1208 2065 pofflr
1218 2001 1269 2046 Ex·

287 2075 365 2144 ‘'lffiffl
375 2076 452 2132 deum
462 2071 572 2136 inprimis
581 2071 610 2120 de
620 2067 727 2136 Bacchis,
737 2085 790 2132 qua
802 2068 884 2116 surore
891 2071 951 2118 alla
959 2071 1104 2131 discurrunt,
1110 2090 1136 2121 ac
1143 2074 1160 2122 li
1168 2075 1269 2123 liberare

288 2151 314 2200 se
336 2168 351 2199 a
372 2151 456 2200 surore
478 2147 562 2198 uelint.
595 2149 622 2194 ln
645 2146 710 2194 hanc
727 2144 873 2194 sententiam
885 2146 942 2210 jam
953 2147 1081 2197 Barthium
1099 2150 1220 2199 inclinasse
1240 2167 1270 2201 ex

291 2225 396 2276 Taubm.
408 2224 489 2274 discor
516 2221 558 2272 etii
579 2237 622 2270 nec
644 2236 673 2269 eo
693 2219 824 2283 confugere
845 2219 1051 2273 neceilevidetur.
1085 2224 1192 2289 Cognito
1204 2228 1269 2277 enirn

291 2302 378 2354 scelere
390 2299 512 2370 interemti
521 2309 630 2350 materna
641 2313 715 2345 mauu
725 2297 777 2346 nati
793 2297 978 2364 abhonmsacra
989 2301 1099 2350 Bacchica
1109 2304 1196 2367 Agave
1204 2305 1270 2369 Nye.

290 2378 375 2429 telium
389 2377 489 2442 sugienr
502 2375 529 2424 in
550 2374 705 2423 solitudinem
716 2372 814 2432 secessit,
830 2385 856 2423 nt
878 2375 978 2423 moerori
999 2375 1144 2441 indulgeret.
1169 2383 1270 2444 furorem

290 2457 412 2522 ll'yttelr'um
423 2454 486 2518 conj.
500 2451 707 2506 Heinsff-ur.
725 2465 746 2498 et
756 2451 814 2500 caede
823 2470 844 2501 c.
861 2462 922 2500 vett.
939 2450 996 2499 edd.
1012 2453 1127 2512 etcodd,
1136 2454 1201 2518 quali
1212 2455 1271 2506 eset

286 2529 708 2596 eroumtaexcaede.-112.Qa
725 2546 750 2596 g.
769 2543 817 2577 ent.
835 2528 916 2579 treint
950 2531 1037 2595 Ogygiis
1051 2530 1075 2578 b.
1092 2530 1117 2593 j.
1135 2535 1270 2597 Jo.Schra.

288 2611 348 2665 der„
364 2609 566 2665 dome-*115
584 2604 675 2653 versus
685 2605 710 2653 in
722 2602 777 2655 e'dd.
792 2605 883 2656 Fabric.
894 2606 926 2673 lie
940 2607 974 2655 est
991 2609 1147 2658 emendaturi
1163 2613 1270 2678 Pgseriur

284 2700 372 2755 penam
378 2688 443 2752 grati
451 2684 478 2733 de
485 2696 549 2731 morte
559 2682 647 2731 datura.
681 2682 767 2732 Heius.
780 2683 843 2747 conj.
854 2686 904 2752 Post
913 2687 987 2733 verita
998 2699 1019 2731 et
1026 2698 1103 2750 prenae
1113 2692 1161 2735 rati
1168 2690 1195 2751 se
1205 2702 1271 2737 marte

290 2766 397 2813 daturam.
431 2759 478 2808 Sed
495 2768 576 2807 totum
592 2757 689 2806 versum
704 2774 754 2807 una
772 2774 828 2807 curn
845 2760 999 2809 antecedente
1011 2762 1155 2825 ejiciendum
1166 2765 1271 2814 arbitror

289 2850 412 2905 tamquam
418 2833 604 2900 suppolititium.
639 2836 667 2881 ln
678 2834 721 2885 ms.
735 2834 837 2886 Helmst.
855 2836 974 2900 subjetstur
984 2848 1035 2886 erat
1049 2838 1126 2887 versui
1148 2856 1270 2891 tro.—

291 2914 347 2965 rtu.
365 2927 430 2963 coetrr
442 2910 538 2975 vulgg.,
548 2908 671 2959 nonnulla
683 2912 757 2961 etiam
768 2911 827 2960 Ald.
839 2912 942 2962 eumms.
956 2913 1087 2963 llelmslad.
1106 2917 1170 2965 Puto
1182 2916 1268 2966 inille:

293 2990 405 3043 Naiadum
417 3001 521 3036 umens.
556 2986 622 3037 Nam
633 2984 714 3048 paullo
725 2985 808 3034 durius
824 3005 871 3036 cun
888 2986 1020 3052 suppletur.
1051 2991 1150 3041 roardus
1166 3008 1211 3056 pro
1227 2995 1270 3040 Or·

287 3068 360 3131 phere
383 3062 472 3117 Aldina
489 3070 517 3117 et
537 3059 591 3108 edd.
613 3058 704 3107 Fabric.
728 3075 785 3107 cum
803 3062 849 3109 ms.
868 3061 971 3111 rtelmu.
991 3064 1111 3113 etPetav.
1127 3083 1182 3115 eum
1201 3066 1268 3118 Ver.

292 3140 376 3190 Heius.
389 3138 452 3202 conj.
465 3140 517 3187 Non
528 3148 611 3185 tantum
622 3137 727 3200 Oeagrius
737 3137 771 3184 H.
788 3136 837 3194 vel,
849 3139 998 3187 tantunbaud
1006 3141 1177 3206 Rhodopeirrls
1202 3143 1270 3192 ldenr

288 3217 370 3283 jungit
383 3213 498 3267 Naiadum
506 3225 561 3261 coetu
569 3230 607 3259 non
619 3224 684 3259 tanto.
715 3211 775 3259 Saue
786 3215 883 3279 Orpbeus
894 3213 1046 3277 trisyllabum
1057 3214 1145 3272 effe,ut
1153 3220 1271 3276 Pentheus,

290 3307 315 3345 et
326 3289 490 3343 incitaretis
500 3287 566 3337 l’ith.
579 3302 606 3351 p.
626 3300 656 3349 31
674 3286 781 3353 ’Ϊὸψιιες
797 3305 883 3337 uerum
890 3290 1045 3355 Virgiliovix
1060 3288 1149 3339 licuisse
1160 3291 1206 3340 effe
1217 3303 1270 3342 tarn

293 3369 385 3433 audaci.
411 3366 525 3435 filoasque
533 3364 631 3429 sonanter
649 3368 689 3429 Jo.
705 3365 829 3433 Schrader.
842 3380 1013 3428 em.--117.
1030 3370 1088 3417 rivis
1103 3368 1147 3417 ms.
1157 3370 1272 3420 contian.

290 3456 406 3512 perpetua
414 3441 548 3491 variatione
559 3456 565 3487 ε
583 3440 646 3488 unde
656 3451 738 3489 tamen
750 3441 855 3506 Scaliger
866 3441 982 3507 refingit:
999 3445 1160 3512 rinirfilvsque
1170 3447 1269 3498 earnm.

293 3522 355 3573 Mihi
365 3519 465 3583 vulgata
475 3515 570 3566 suavior
580 3516 688 3580 procedit
699 3532 706 3565 t
724 3535 761 3566 non
777 3521 874 3584 Orpheae
888 3519 978 3568 emendo
988 3533 1071 3569 tartum
1087 3526 1154 3571 terruit
1164 3524 1271 3584 Helm,

292 3602 344 3665 ripis
354 3598 461 3663 testamen
486 3592 594 3656 (cursum
605 3592 670 3643 intra
680 3592 744 3657 ripae
753 3586 931 3659 sustinentem),
944 3596 1076 3664 filvasqaer
1098 3597 1127 3649 lt.
1143 3597 1273 3648 deledarit

294 3667 405 3725 Hebrum
420 3670 545 3733 silvasque.
576 3668 627 3717 Etsi
638 3680 704 3717 totus
718 3668 758 3718 hic
767 3669 841 3728 locua,
856 3681 881 3719 et
893 3671 914 3719 ir
926 3671 968 3736 qui
978 3671 1093 3736 sequitur,
1104 3689 1133 3722 ex
1147 3674 1273 3724 variorum

292 3748 479 3807 versificatomm
490 3745 605 3811 symbolis
615 3742 724 3795 coaluisse
735 3746 813 3801 videri
824 3747 1027 3809 debetne-118.
1044 3748 1094 3797 ch
1102 3750 1182 3797 versut
1191 3762 1273 3799 conta·

292 3826 396 3899 minum
412 3824 436 3890 (a
446 3823 529 3894 nnmlr
539 3820 599 3875 erret
611 3824 703 3891 unsel),
717 3824 782 3889 qnod
790 3834 816 3874 et
823 3822 885 3885 ,viru
893 3825 990 3890 elegam
1000 3824 1136 3896 eniminum
1150 3826 1222 3890 juder
1233 3830 1273 3894 Jo.

1125 3899 1270 3955 &hraderua

333 3998 759 4081 rr4sqq.1terumluxuriatut
806 4002 970 4081 Comparari
994 4003 1079 4081 potest
1102 4001 1198 4062 smilis
1227 4023 1272 4063 ar.

328 4086 379 4137 ''tae
410 4078 554 4156 ingenium
591 4076 621 4134 in
659 4076 759 4135 descri—
805 4077 904 4135 borum
924 4081 1092 4139 enumeratio
1114 4100 1158 4158 ap.
1181 4081 1271 4142 Ovid.

346 4157 384 4213 dit
414 4155 480 4213 luco
513 4168 541 4211 et
573 4167 664 4223 antro,
723 4171 758 4210 un
806 4152 878 4213 Met.
893 4153 935 4224 X,
959 4159 996 4217 86
1017 4156 1056 4235 sq.
1079 4156 1271 4217 incantuOr-

290 4235 382 4311 prstor
412 4230 546 4290 consedit.
593 4231 659 4288 Alia
689 4174 759 4288 allo-
806 4230 891 4322 phei:
932 4252 993 4292 uem
1004 4235 1097 4293 locum
1109 4236 1203 4296 ausint
1221 4234 1273 4293 hu-

292 4327 354 4368 rum
377 4310 519 4385 poetarum
546 4305 644 4365 lusibus
668 4308 759 4367 alluta.
805 4252 1273 4447 pnsemliiematiaanteocnloalta·

292 4384 339 4473 Pe
363 4384 476 4467 lingulis
502 4382 562 4447 rid.
588 4382 656 4447 var.
682 4382 760 4448 ueri.
829 4386 892 4448 uilse
905 4386 992 4447 videri
1005 4387 1101 4467 potest.

1210 4482 1285 4551 ,ην
