3225 5200
505 519 581 594 ΙΝ
614 515 959 592 CULICEM.
1205 549 1246 604 η

264 725 395 824 quibus
411 721 462 798 ita
479 719 689 792 immoratus
703 715 765 806 est,
787 733 830 790 ut
845 715 1016 790 orationis
1039 717 1202 794 ordinem
1218 741 1255 798 et
1352 742 1356 753 ’

265 849 392 928 seriem
412 842 556 941 penitus
571 841 785 936 interrumpi
801 860 838 914 et
853 858 1013 913 mentem
1023 831 1061 914 ‘a
1083 847 1253 920 carminis

266 970 408 1046 summa
435 969 563 1044 abduci
592 967 727 1042 necelse
744 967 840 1051 effer,
863 968 961 1064 quod
992 991 1027 1040 v.
1055 993 1091 1043 c.
1117 970 1252 1046 laetum

265 1095 386 1167 videas
403 1085 439 1166 in
456 1095 537 1167 loco
559 1095 605 1168 de
620 1094 783 1176 laudibus
798 1093 885 1166 vitae
901 1095 1053 1182 rusticae,
1076 1093 1122 1168 de
1144 1095 1251 1170 arbo-

265 1216 363 1294 ribus
381 1215 426 1286 ad
440 1215 578 1287 fontem
595 1215 685 1287 natis
699 1239 733 1290 v.
757 1235 823 1286 122
837 1214 931 1312 sqq„
955 1216 992 1286 in
1008 1216 1097 1288 locis
1113 1218 1250 1311 inferis,

264 1341 302 1418 in
320 1340 481 1426 Tartaro,
506 1341 543 1414 in
557 1339 687 1434 Elyfio,
712 1341 751 1412 in
766 1342 906 1414 tumulo
920 1338 1051 1435 plantis
1060 1341 1249 1414 conseren-

265 1463 326 1539 do.
376 1465 545 1540 Nimium
562 1465 650 1540 adeo
667 1466 704 1538 in
719 1468 879 1562 parergis
894 1466 1007 1538 haeret
1021 1465 1148 1562 positu
1182 1487 1247 1542 nec

264 1611 415 1688 pravum
439 1588 506 1662 hoe
536 1589 696 1664 studium
718 1588 863 1672 Catulli,
888 1615 959 1662 non
985 1590 1103 1663 minus
1124 1615 1248 1688 pravo,

263 1710 430 1804 exemplo
456 1711 495 1782 in
526 1708 624 1782 Pelei
655 1729 690 1782 et
719 1710 893 1784 Thetidos
919 1713 1161 1808 epithalamio,
1185 1737 1247 1791 aut

262 1829 472 1927 Panegyrici
505 1830 542 1906 in
562 1831 748 1910 Mellalam
775 1832 912 1904 Tibulli
936 1833 1057 1931 Elegis
1083 1833 1245 1933 subjecti,

259 1953 405 2030 defendi
423 1972 484 2028 aut
500 1955 615 2052 potest
631 1971 691 2030 aut
706 1954 826 2028 debet.

310 2076 374 2150 Est
392 2101 478 2149 vero
495 2075 671 2150 interdum
688 2074 833 2171 puerilis
848 2053 991 2174 prorsus
1006 2074 1043 2146 in
1057 2079 1245 2150 cumulan-

260 2201 319 2280 dis
335 2220 373 2274 et
387 2200 562 2279 variandis
579 2200 678 2274 rebus
704 2197 879 2272 fimilibus
904 2199 1020 2295 copiae
1045 2199 1244 2292 affectatos

262 2327 408 2424 quae,·s1
427 2327 482 2399 v‘el
500 2328 654 2400 maxime
671 2351 753 2400 eum
766 2325 918 2424 juvenili
930 2329 1127 2402 aetatehaec
1144 2329 1243 2404 lulis-

260 2455 296 2530 se
311 2454 441 2528 dixeris
456 2453 704 2550 (Scaligerum,
727 2454 791 2550 qui
804 2453 883 2552 jam
899 2453 1129 2550 grandiorem
1157 2474 1244 2530 natu

261 2576 452 2651 Maronem
462 2573 629 2672 lcripfiffe
637 2575 801 2649 Culicem
814 2574 1061 2665 contendebat,
1071 2603 1177 2651 nemo
1189 2578 1243 2652 fa.

260 2701 329 2775 cile
341 2701 462 2775 audiet
475 2726 579 2797 aequo
593 2703 746 2789 animo),
771 2701 832 2773 vix
858 2702 1048 2775 tamenab
1072 2727 1115 2775 eo
1134 2704 1243 2800 po'e'ta

260 2802 439 2921 pronum
453 2825 583 2919 potuit,
607 2827 670 2921 qui
686 2824 867 2921 Georgica
883 2824 1243 2924 etAEnernemscnp.

261 2946 325 3031 s1t;
359 2963 400 3019 ut
413 2948 501 3019 adeo
517 2946 711 3043 aliquando
726 2946 763 3019 in
781 2970 860 3017 eam
875 2945 1081 3043 opinionem
1097 2950 1244 3043 pronior

260 3066 377 3158 essem,
401 3096 511 3168 quam
527 3072 635 3144 etiam
662 3072 786 3147 Franc.
803 3072 991 3145 Oudinum
1015 3073 1145 3145 ruitum
1174 3072 1242 3151 effe

258 3192 365 3266 video
376 3192 499 3290 ·(disp.
525 3193 572 3267 de
596 3194 723 3267 Culice
740 3194 940 3291 Virgiliano
956 3177 999 3267 in¹
1013 3193 1119 3266 Misc.
1138 3193 1242 3273 Obll'.

260 3316 341 3391 crit.
366 3340 451 3388 nov.
470 3316 515 3388 T.
532 3316 595 3403 lv,
631 3340 670 3412 p.
695 3319 798 3412 307),
820 3339 891 3411 qua
918 3314 1122 3411 persuasum
1149 3315 1241 3399 milri

260 3438 354 3526 effer,
378 3462 443 3512 nos
465 3457 621 3515 veterem
639 3440 741 3511 illum
759 3439 922 3513 Maronis
940 3438 1102 3517 Culicem
1117 3439 1241 3517 omni-r

261 3584 310 3633 no
321 3586 389 3633 non
407 3561 546 3637 habere.
598 3560 803 3635 Occurrunt
818 3580 938 3641 tamen
952 3562 1060 3636 altera
1081 3575 1126 3635 ‘ex
1139 3580 1242 3659 parte

259 3679 332 3757 loci
349 3679 512 3755 carminis
526 3682 690 3776 praeclari
708 3682 814 3778 po'e'ra
838 3683 933 3755 bono
958 3684 1052 3765 haud
1072 3684 1241 3780 indigni3

257 3798 365 3871 video
384 3800 504 3894 itaque
527 3802 619 3879 haud
647 3804 768 3898 paullo
797 3804 1019 3899 probabilius
1046 3803 1114 3875 elle
1146 3804 1255 3874 altes‘
1356 3841 1361 3847 -

254 3900 362 3993 ium:
400 3919 528 3992 habere
554 3922 701 4017 quidem
729 3947 792 3995 nos
820 3925 986 3997 carminis
1004 3923 1156 3995 fundum
1170 3923 1238 3996 ali..
1293 3910 1296 3916 ¹

256 4064 366 4138 quem
393 4041 643 4140 virgilianum,
668 4044 923 4140 interpolatum
946 4062 1066 4117 tamen
1091 4062 1127 4118 et
1150 4070 1240 4121 one-

255 4184 373 4239 ratum
406 4164 554 4239 infinitis
590 4168 744 4241 aliorum
776 4167 914 4240 laciniis
946 4166 1088 4241 intextis
1114 4184 1150 4239 et
1180 4170 1239 4243 in,

254 4286 456 4393 terpofitis:
495 4288 597 4373 ducit
619 4291 729 4376 etiam
744 4315 787 4367 eo
802 4290 985 4370 diversitas
1001 4291 1062 4364 illa
1073 4291 1238 4370 locorum
1349 4300 1353 4318 '

931 4436 956 4511 4
1197 4429 1239 4489 ²⁰³
