3225 5200
597 503 882 610 cntra

240 705 398 807 Adpetit
413 699 524 780 a'e’reis
540 704 746 802 contingere
761 693 944 779 montibus
958 703 1048 777 astra

242 841 342 915 llicis
358 859 394 914 et
409 840 525 935 nigrae
539 838 685 935 species,
707 857 743 911 et
758 831 839 913 laeta
854 829 1052 938 cupressum

245 972 509 1068 Umbrosaeque
525 991 670 1045 manent
687 969 800 1070 fagus,
816 975 1001 1072 ederaequo
1017 978 1165 1073 ligantes

246 1106 407 1196 Brachia,
424 1105 597 1178 fraternos
612 1106 758 1203 plangat
775 1131 820 1178 ne
831 1098 985 1204 populus
1001 1109 1112 1194 isium
1155 1131 1225 1204 140

244 1332 313 1396 quod
323 1333 456 1400 elegantiae
465 1346 551 1402 potem
570 1336 784 1403 Praeerat-hirsuta
798 1347 840 1402 pe(
850 1347 928 1385 artare
945 1335 993 1396 hoc
1004 1347 1029 1392 et
1040 1336 1141 1386 Heinsio
1152 1337 1225 1400 video

246 1407 353 1471 probari.
388 1411 534 1477 scaligerum
546 1413 627 1476 itaque
636 1410 730 1459 mireris
739 1411 847 1476 primum
858 1409 951 1474 legeret
975 1416 1078 1462 Praeerat
1089 1415 1224 1480 decoramfi,

248 1495 304 1534 turn
322 1498 416 1536 mutata
432 1488 563 1540 sententia=
582 1488 742 1538 Hic-decorat
757 1487 848 1552 ſsime
863 1487 898 1534 bia
913 1486 996 1550 suberit
1013 1489 1075 1536 arbos
1092 1492 1184 1556 Appetit
1200 1512 1227 1557 ι,

248 1559 320 1611 Male
328 1562 411 1613 hahuit
422 1566 501 1616 virum
519 1566 641 1632 optimum
661 1563 741 1612 hiulca
760 1563 786 1611 in
805 1562 870 1625 seqq.
884 1563 972 1619 oratio,
988 1563 1030 1612 sed
1049 1565 1071 1612 ei
1087 1566 1179 1614 medela
1197 1568 1223 1618 in

246 1651 363 1706 promptu
374 1641 408 1690 est
418 1643 627 1708 interpunctionm
645 1642 738 1706 Appetit
752 1657 776 1689 a.
785 1639 884 1703 -astra
894 1639 953 1700 llicit
963 1653 985 1687 et
994 1643 1174 1710 agre-reapse
1188 1666 1224 1708 aa,

248 1713 289 1762 De
298 1730 349 1764 voc.
374 1718 430 1775 edita
441 1720 518 1768 adhuc
533 1716 693 1773 monendum,
703 1715 786 1764 salsam
794 1715 845 1779 ejuo
852 1715 1016 1779 acceptionem
1024 1717 1100 1766 videri
1109 1723 1225 1786 peperisse

248 1787 379 1841 sessionem
386 1795 428 1843 ed.
439 1795 529 1845 Fabric
542 1795 628 1851 addita.
659 1793 788 1844 statumen
800 1791 873 1840 etiam
884 1789 966 1839 Heius.
978 1793 1041 1856 conj.
1054 1807 1078 1844 et
1087 1798 1128 1862 Jo.
1139 1800 1225 1849 sclua.

248 1865 300 1917 der.
316 1871 455 1923 Emendatt.
476 1889 502 1938 p.
520 1868 684 1933 nge-136.
709 1868 835 1936 hirstrtaque
852 1883 918 1919 taxas
937 1869 980 1917 ms.
999 1871 1100 1933 Korea,
1114 1875 1155 1924 sed
1175 1894 1225 1927 non

248 1945 366 1996 consentit
377 1947 410 2000 vs.
423 1947 653 2013 sequena-2437.
669 1948 706 1997 Aa
721 1949 777 2013 perir
796 1961 844 1995 em.
859 1944 979 1994 Heinsiua.
1003 1950 1090 2003 medas
1107 1967 1153 2015 pro
1168 1973 1226 2010 m.

248 2021 305 2072 tibur
316 2024 430 2073 emendat
440 2025 545 2090 Scaliger
555 2043 563 2083 3
586 2023 658 2072 docile
667 2023 774 2086 quidem,
784 2033 812 2070 ut
822 2020 850 2069 sit
861 2020 927 2084 qnod
935 2027 1017 2085 poetae
1035 2027 1135 2091 βλυθρι
1145 2029 1227 2092 appelg

250 2097 303 2152 lant
319 2097 461 2161 (secundom
469 2099 531 2148 illud
540 2099 652 2164 Virgilii=
671 2101 798 2164 Qantum
806 2098 1033 2162 vucmooiridirse
1042 2100 1225 2167 fibjicnalmt).

252 2173 302 2222 Sed
310 2174 420 2237 quianon
431 2175 544 2239 praeferat
555 2175 612 2226 illud
619 2175 697 2224 multo
707 2174 814 2223 lenimet
823 2172 937 2220 cometus:
953 2176 1147 2240 airiiafroadibus,
1160 2180 1226 2243 quod

252 2262 278 2301 et
285 2251 369 2302 Heius.
379 2252 452 2318 conj„
458 2251 499 2302 vel
504 2253 613 2320 frontibus
618 2253 657 2302 vel
664 2253 751 2303 motibus
759 2251 850 2300 Aldina
857 2262 881 2298 et
890 2250 981 2298 Fabric.
994 2251 1048 2299 edd.
1057 2269 1163 2319 quoque:
1180 2277 1230 2308 coe.

247 2327 470 2394 jungerer-7138.
484 2332 543 2380 llicit
546 2331 625 2396 speciei
631 2346 676 2394 pro
685 2327 816 2395 periphrafi
824 2328 1023 2390 habendom,pro
1030 2327 1084 2376 ilice
1091 2331 1229 2396 simpliciter

250 2404 326 2454 dieta
332 2404 397 2472 series
405 2405 550 2468 tamenconj.
560 2405 651 2464 Heins.;
662 2403 816 2469 expedabam
823 2417 907 2452 vertero
920 2404 973 2452 Iaeta
980 2408 1084 2471 caprffn
1091 2408 1229 2462 adversatur

250 2479 342 2528 arboris
353 2491 446 2532 natnrae
468 2493 492 2530 ct
511 2486 641 2546 poetarum
653 2481 719 2540 usui;
735 2495 780 2530 nec
790 2478 884 2528 Barthii
895 2479 998 2528 defensio
1010 2483 1111 2533 Advers.
1125 2486 1197 2544 ΧΧΙ,
1210 2503 1227 2553 9

250 2555 314 2607 bona
325 2556 367 2615 esi,
383 2573 413 2607 ex
433 2573 462 2609 eo
480 2557 566 2623 petita,
585 2556 650 2621 qnod
669 2556 733 2621 apud
753 2555 924 2606 Aristaenetum
942 2556 1005 2605 inter
1019 2573 1122 2610 amoenaa
1133 2568 1229 2619 arborea

251 2649 280 2681 ea
289 2634 433 2684 recensetur⁴
469 2633 583 2687 Gisanino
596 2633 660 2697 apud
670 2632 785 2696 Scaliger.
798 2631 932 2694 conjecerat
942 2635 1026 2682 Lethea
1036 2653 1065 2690 a,
1084 2651 1133 2685 non
1151 2642 1229 2701 maleg

251 2709 325 2757 modo
336 2726 385 2759 non
396 2708 570 2765 desideraretur
582 2709 676 2774 copula.
711 2711 752 2757 An
767 2707 832 2757 suit:
850 2709 909 2762 llicit
928 2722 949 2756 er
965 2712 1044 2773 nigre,
1063 2726 1085 2758 ιι
1092 2714 1172 2778 species
1183 2720 1230 2767 Le.

251 2774 308 2835 rhea
320 2787 424 2855 eapreffas
440 2784 477 2850 (h.
490 2782 611 2849 cupceffi).
645 2790 737 2833 Verum
748 2783 891 2848 simpliciore
913 2786 985 2832 modo
1003 2785 1107 2851 vulgata
1129 2792 1230 2847 lectioni

251 2864 387 2913 succurrere
398 2852 472 2911 licet:
490 2863 590 2917 aulam
601 2862 715 2937 cuprgffiat.
750 2861 824 2909 Venit
842 2872 867 2909 ct
886 2860 932 2908 hoc
950 2862 1048 2920 Heinsio
1065 2864 1090 2912 in
1109 2883 1227 2926 mentem⁴

254 2937 326 2984 Idem
336 2936 383 2995 vel,
393 2950 413 2985 et
423 2938 479 2985 lenta
491 2956 510 2987 c.
524 2940 566 3003 Jo.
579 2936 701 2989 Schrader.
714 2951 735 2985 et
746 2938 808 2985 laeva
825 2955 845 2990 c.
859 2936 920 3000 conj.
932 2938 1068 2987 Frisemann
1089 2945 1167 2993 nescio
1179 2963 1228 3010 quo

252 3012 452 3077 sensae—139.
469 3014 545 3079 Atque
561 3012 654 3079 umbrosa
664 3027 734 3063 maaet
743 3016 770 3078 f.
788 3014 885 3061 Frisem.
904 3030 918 3060 e
935 3015 976 3079 Jo.
998 3014 1131 3078 Schrader,
1149 3024 1228 3072 neseio

253 3104 302 3153 quo
318 3086 410 3137 sinsin.
444 3102 535 3139 maneat.
570 3089 630 3137 Vim
641 3089 707 3137 vocic
726 3089 749 3137 h.
771 3089 788 3137 l.
807 3088 929 3137 nonsatis
948 3090 1116 3154 assequor;an
1130 3102 1228 3149 virent?

252 3165 291 3215 vel
306 3166 405 3230 parent!
422 3175 449 3212 nt
464 3164 551 3229 Jacobs
565 3166 630 3229 conj.
665 3167 692 3213 ln
711 3164 778 3213 Voff.
800 3176 852 3214 erat
869 3180 966 3226 monem
985 3179 1037 3214 tum
1054 3170 1144 3235 ligatur
1161 3178 1230 3224 edere

252 3240 331 3306 scripfi
343 3256 398 3305 pro,
409 3240 505 3306 dgantio
538 3240 666 3305 Sequentia
678 3240 709 3289 fic
720 3240 866 3305 interpungo
874 3242 997 3307 2-fagas3
1016 3244 1125 3310 ederaeqae
1139 3250 1232 3313 ligante,

254 3322 348 3375 -ὶᾶιιι,
365 3316 636 3383 Ipseque-Pinguique
647 3327 692 3365 etc.
727 3315 825 3366 Canslan
834 3315 1012 3380 deprehendere
1024 3320 1048 3367 in
1060 3336 1174 3387 promptu
1185 3328 1228 3379 est.

255 3406 377 3450 -140.
388 3393 506 3455 fraternas
516 3391 581 3441 Voss.
601 3406 626 3441 et
637 3394 721 3441 Petav.
750 3406 777 3459 p.
797 3412 822 3443 ne
834 3406 859 3459 p.
870 3408 933 3441 artur
944 3404 1003 3443 vett.
1025 3395 1079 3443 edd.
1112 3402 1171 3449 Sane
1183 3402 1231 3451 ful·

255 3468 321 3518 mine
332 3466 430 3532 percnffi
442 3466 606 3517 Phaethontis
621 3480 688 3517 artua
702 3467 792 3517 laceros
803 3468 964 3532 conquisivere
977 3468 1100 3530 Heliades,
1117 3475 1192 3527 donec
1203 3480 1229 3531 in

248 3541 357 3608 ¹populos
366 3553 525 3592 mutarentur.
559 3542 606 3591 Sed
617 3544 740 3606 quomodo
752 3545 798 3593 hoc
815 3543 871 3591 facit
889 3542 920 3590 ad
937 3542 1049 3593 catenam
1068 3547 1230 3602 sententiam?

254 3637 286 3670 an
295 3621 408 3686 fraternos
427 3638 476 3685 quae
497 3621 586 3685 plangit
601 3622 690 3687 populor
711 3625 796 3671 artus?
829 3622 912 3683 ltaque
934 3620 1000 3668 reete
1019 3624 1122 3674 Bembuo
1144 3628 1228 3679 dedita

253 3702 324 3754 ἱᾶιις
340 3711 384 3759 pro
394 3694 440 3743 sole
453 3692 534 3743 dixisse
547 3695 656 3755 videtum
674 3713 704 3746 ne
715 3696 797 3761 populi
809 3696 893 3745 ardore
902 3693 957 3743 solio
968 3694 1044 3744 nimio
1057 3701 1228 3763 exarescerent,

253 3772 324 3838 fagur
331 3770 411 3819 virens
418 3781 442 3818 et
451 3770 546 3822 hederae
555 3788 595 3819 eas
601 3773 718 3821 ambiunt.
753 3771 914 3821 Phaethontia
923 3771 1016 3820 sorores
1030 3774 1055 3823 in
1066 3778 1167 3838 populos
1176 3796 1229 3830 nm.

253 3860 315 3901 totas
324 3847 394 3911 supra
404 3845 526 3895 vidimus:
544 3862 627 3895 earum
638 3848 747 3912 respetltu
758 3848 818 3896 Solis
828 3846 889 3896 radii
893 3849 995 3913 fraterni
1004 3852 1057 3898 icius
1070 3851 1137 3910 dieti,
1152 3870 1229 3919 quan.

253 3926 384 3990 aloqnidcnt
396 3922 470 3971 frater
482 3922 611 3988 aliquando
623 3925 684 3973 Solis
696 3940 792 3975 currum
804 3924 873 3975 rexit.
889 3924 977 3973 Melina
987 3924 1016 3973 stc
1026 3942 1066 3973 me
1078 3928 1230 3997 interpretari
1304 3963 1308 3968 -

252 4006 363 4063 arbitror,
381 4018 455 4067 quam
473 4002 580 4053 Taubm.
602 4021 627 4053 ne
638 4006 733 4071 plangat
748 4018 769 4051 et
780 4006 891 4069 percutiat
901 4005 926 4051 ob
934 4004 1033 4068 fratrent
1044 4006 1139 4070 fulmine
1154 4015 1227 4065 ient..

252 4085 299 4133 Sed
314 4094 397 4133 totnm
414 4098 439 4129 ν.
458 4093 507 4138 140
526 4081 603 4145 inepti
615 4080 781 4131 versificatoria
796 4092 961 4129 commentum
973 4080 1019 4131 esse
1030 4086 1134 4134 arbitror
1144 4104 1173 4139 ex
1183 4092 1229 4145 vir,

255 4165 308 4215 128.
330 4175 376 4227 ¹²9
394 4157 536 4219 confidunt,
556 4160 581 4208 in
600 4161 687 4225 quibus
703 4160 754 4225 jam
773 4159 857 4209 eadem
868 4175 906 4207 res
916 4160 1020 4225 exposita
1031 4163 1085 4214 snit.
1117 4168 1231 4229 Etseriee

250 4236 363 4291 versuum
372 4234 420 4289 suit
431 4235 499 4295 haece
518 4236 628 4307 odoreque
637 4238 727 4309 ligantes
738 4236 846 4296 Brachia,
854 4234 971 4304 jaccam
985 4238 1017 4288 ad
1025 4240 1049 4308 s.
