3225 5200
446 508 476 583 ii
724 503 1171 580 PRAEFATIO.

449 727 579 792 tamen
595 707 682 790 brec
705 705 826 786 editio
850 703 979 787 nostra
1004 702 1162 787 frenum
1181 705 1374 793 morderet
1391 729 1433 793 et

331 895 335 904 .
447 845 496 928 ad
511 845 655 926 calcem
670 861 903 952 properaret,
929 840 1194 953 longiorisque
1210 871 1332 927 morae
1351 843 1432 926 sas-

448 985 547 1069 tidio
575 981 705 1068 vietus
731 974 969 1092 jamdudum
1004 981 1052 1061 ad
1077 984 1154 1064 alia
1185 983 1429 1094 spectarem:

446 1122 599 1208 accinxi
620 1149 684 1203 me
702 1119 749 1200 ad
770 1116 998 1200 recensenda
1026 1121 1198 1203 earmina
1228 1123 1310 1218 illa,
1339 1149 1432 1232 quae

447 1260 672 1370 VIrgilianis
692 1260 924 1368 pierumque
942 1256 1125 1369 subjungi
1141 1260 1278 1356 solent,
1306 1262 1431 1342 etiam

289 1467 291 1476 .
445 1399 488 1480 in
523 1393 731 1477 Heinfiana
761 1395 947 1488 editione,
976 1424 1098 1506 quam
1126 1396 1166 1477 in
1197 1396 1324 1479 nostra
1352 1395 1430 1478 hac

442 1542 616 1646 'repetere
663 1531 779 1612 semel
824 1530 1075 1612 constitutum
1111 1551 1216 1626 erat3
1263 1532 1428 1642 adjunxi

318 1710 320 1717 ·
444 1683 598 1751 tantum
615 1673 804 1777 Copamet
825 1664 1011 1747 Moretum
1023 1704 1038 1761 ς
1067 1663 1234 1747 caussam
1260 1669 1301 1750 in
1323 1697 1428 1779 prae.
1459 1733 1466 1738 ,

272 1800 274 1808 ’
440 1801 592 1887 satione
609 1804 658 1884 ad
677 1829 721 1882 ea
738 1805 911 1886 carmina
928 1803 1038 1896 dixi,
1069 1802 1126 1885 uti
1144 1823 1192 1884 et
1205 1805 1253 1885 de
1276 1805 1426 1887 caeteris

444 1938 681 2025 carminibus
719 1937 809 2022 satiS
841 1935 996 2022 ‘dierum
1032 1939 1087 2023 est
1121 1942 1167 2023 in
1201 1945 1422 2052 prooemiis,

443 2065 534 2193 quae
550 2073 707 2188 singulis
726 2071 920 2186 praemiffa
936 2072 1038 2159 sunt.
1095 2075 1281 2160 Universe
1294 2097 1427 2160 autem

440 2215 494 2299 'de
522 2217 728 2326 poematiis
758 2214 821 2296 his
852 2211 938 2295 haec
953 2213 1143 2306 monuisse
1159 2213 1321 2298 sufficiat
1330 2255 1345 2312 ς
1375 2244 1426 2297 ex

437 2349 618 2462 pluribus
637 2375 680 2432 ea
699 2347 914 2443 codicibus,
941 2350 983 2431 in
1001 2347 1142 2462 quibus
1161 2351 1281 2432 modo
1298 2379 1424 2433 unnrn

255 2475 258 2486 ’
313 2465 321 2478 ’
441 2505 482 2572 et
516 2485 679 2570 aiterum
712 2487 832 2570 modo
865 2487 977 2601 plura
1012 2485 1183 2570 seorsum
1223 2490 1421 2586 extabant,

439 2640 509 2707 'atu
528 2622 684 2708 AEneidi
713 2624 776 2707 vel
804 2624 999 2707 Bucolicis
1024 2655 1068 2707 ac
1096 2625 1299 2738 Georgicis
1316 2649 1423 2711 erant

441 2762 626 2873 subjeeta,
659 2762 702 2844 in
734 2786 859 2845 unum
884 2761 958 2845 esse
991 2762 1167 2859 collecta,
1191 2793 1264 2846 nec
1290 2786 1421 2850 tamen

441 2892 572 2981 statim
586 2897 733 2981 omnia.
792 2900 839 2981 In
854 2898 916 2981 ed.
932 2924 993 3010 pr.
1010 2896 1120 3012 1467
1136 2902 1269 2998 Culex,
1290 2906 1419 2998 Dirce,

439 3035 564 3146 Copu,
584 3036 652 3144 13st
668 3056 705 3116 et
724 3034 825 3132 Non,
852 3036 919 3119 Vir
931 3036 1057 3130 bonus,
1074 3038 1198 3142 Rosae,
1219 3042 1418 3134 Moretum,

445 3174 637 3285 Proper,
665 3173 875 3285 rpuaprn
899 3193 938 3257 et
969 3174 1043 3255 ura
1070 3155 1176 3256 erant
1208 3176 1419 3289 descripta,

442 3318 484 3397 in
503 3317 619 3396 altera
638 3328 770 3397 autem
789 3312 1005 3396 recensione
1030 3312 1253 3397 accesserant
1280 3316 1416 3413 AEtna,

442 3452 563 3546 Ciris,
613 3469 650 3529 et
698 3450 890 3534 cataleta
935 3450 1034 3562 (vid.
1083 3451 1207 3533 Tom.
1252 3452 1286 3546 I,
1323 3479 1414 3563 pag.

437 3582 634 3668 LXXIII.
671 3582 883 3697 LXXIV).
939 3585 986 3667 In
1018 3587 1080 3667 ed.
1116 3614 1213 3699 1471
1252 3584 1286 3670 s.
1317 3588 1346 3671 l.
1379 3607 1417 3671 et

442 3742 596 3835 typogr.
637 3720 738 3837 (vid.
772 3724 869 3805 ibid.
903 3749 993 3835 pag.
1030 3723 1226 3837 LXXVI)
1264 3748 1416 3807 tantum

435 3856 549 3965 'prior
579 3860 772 3942 Romana¹
802 3854 973 3969 episcopi
1016 3858 1223 3943 Aleriensrs
1255 3864 1417 3970 repetita

435 3990 516 4074 'esse
546 3994 698 4078 videtur
708 4036 723 4092 ς
766 4002 902 4081 auctus
947 3998 1166 4080 carminum
1211 4025 1414 4093 numerus,

433 4118 594 4235 'adjedio
626 4156 785 4241 quoque
801 4131 901 4213 libro
918 4130 1096 4233 AEneidis
1128 4128 1225 4212 XIII
1256 4133 1298 4212 in
1325 4132 1413 4213 edd.

442 4261 543 4347 Verr.
568 4291 670 4381 1472
689 4295 783 4354 cum
797 4300 868 4383 per
892 4269 1066 4354 Barthol.
1092 4266 1413 4363 Cremonensem,

890 4422 906 4433 ··
1122 4426 1128 4435 ·
1189 4426 1193 4434 ’
1331 4425 1417 4487 tum
