3225 5200
357 523 446 594 ,104
518 497 559 573 Ρ.
586 462 873 576 tractum
907 496 1208 574 Mauours

376 696 493 780 Megara
503 718 557 759 non
567 698 679 779 possent,
688 696 819 777 quamdiu
830 697 877 757 ille
888 694 1032 759 incolumia
1041 699 1114 759 esset.
1147 696 1254 769 illinon
1265 700 1358 766 Cretae

378 822 437 869 rex,
459 802 573 880 Megara
595 803 689 861 urbem
702 822 764 860 eum
785 801 929 869 obsideret,
947 802 1050 879 Scylla,
1070 820 1133 860 cum
1146 820 1181 866 ex
1198 821 1276 865 muro
1288 801 1360 860 sorte

378 927 440 967 eum
463 908 645 993 prospexisset,
668 910 763 969 insano
775 912 833 991 ejup
852 928 943 968 amore
956 909 1140 989 correptaest:
1161 929 1216 987 quo
1227 908 1275 966 illa
1287 909 1359 969 vitia

379 1016 459 1073 notio
480 1014 606 1081 surrexit,
624 1030 655 1075 ut
673 1016 776 1074 crinem
799 1015 879 1075 illum
901 1014 1010 1072 fatalem
1028 1014 1100 1073 clam
1113 1014 1286 1084 rescinderet,
1303 1034 1361 1092 quo

379 1116 430 1177 sabi
454 1115 561 1197 Minoia
577 1138 697 1185 amorem
711 1118 883 1183 conciliaret,
923 1117 1071 1204 Exeuntem
1089 1116 1218 1176 cubiculo
1235 1098 1362 1195 animad-

380 1222 463 1279 vertit
476 1221 582 1292 nutrix,
603 1224 714 1293 Carme,
735 1225 801 1301 Jovi
815 1224 883 1284 olim
895 1236 995 1291 amata,
1014 1244 1048 1282 ex
1062 1243 1117 1301 quo
1127 1223 1176 1281 illa
1185 1220 1363 1284 Britomartiu

380 1341 528 1404 pepererat.
567 1326 608 1385 Ea
619 1329 733 1391 alumnae
752 1329 867 1387 meliora
884 1328 1002 1407 primum
1020 1324 1155 1404 persuast,
1176 1341 1240 1383 mox
1259 1338 1361 1393 autem,

380 1448 445 1488 cum
459 1428 560 1488 Nisum
573 1428 675 1488 -srustra
687 1431 793 1489 hortata
814 1432 887 1499 esset,
908 1446 940 1489 ut
960 1431 1044 1489 filiam
1068 1427 1162 1486 Minoi
1183 1426 1283 1505 nuptui
1297 1424 1363 1484 darc

381 1536 473 1606 vellet,
496 1536 525 1595 in
548 1540 605 1613 ejus
624 1537 782 1609 sententiam
801 1537 939 1603 concessit,
977 1536 1089 1595 Resesla
1099 1535 1184 1612 igitur
1197 1533 1270 1593 Niso
1282 1554 1361 1595 coma

381 1656 462 1700 aurea
473 1652 513 1708 et,
533 1654 611 1716 capta
624 1640 701 1708 urbe,
724 1638 820 1696 Minoi
834 1640 944 1697 tradita.
984 1638 1086 1695 lavero
1096 1637 1201 1696 facinus
1214 1652 1269 1699 tarn
1281 1650 1360 1699 atrox

313 1754 319 1766 ³
380 1751 408 1795 et
420 1739 536 1817 impium
549 1739 691 1809 aversatus,
703 1762 763 1799 curn
774 1740 808 1811 ,in
820 1720 931 1800 Cretam
944 1740 1055 1810 rediret,
1066 1738 1194 1821 puellam,
1205 1758 1239 1797 ne
1251 1739 1362 1817 piaculo

382 1857 459 1901 tanto
471 1843 575 1901 classem
589 1838 794 1915 contaminaret,
808 1866 842 1903 ne
857 1846 920 1902 nari
932 1843 1177 1922 q'uidemmipere
1190 1841 1289 1911 voluit,
1312 1841 1360 1899 sed

382 1966 417 2003 ex
427 1945 502 2002 navia
512 1945 645 2011 exteriore
658 1948 741 2005 latere
752 1948 893 2024 alligatam
907 1948 998 2003 secum
1008 1946 1096 2006 duxit.
1135 1943 1266 2003 Tumilla
1278 1943 1365 2008 multa

382 2050 432 2109 diu
445 2052 588 2129 conquesta
598 2052 627 2108 in
647 2071 723 2111 avem
737 2054 819 2111 Cirin
833 2066 935 2111 mutata
946 2054 1001 2111 est:
1035 2051 1144 2111 additur
1156 2064 1244 2107 tamen
1256 2066 1320 2106 mox
1332 2044 1361 2111 ei

382 2166 459 2233 pater
479 2151 565 2210 Nisus
577 2152 607 2209 in
617 2154 771 2215 haliaetum
791 2170 921 2223 mutatus,
945 2155 994 2240 qui
1006 2153 1090 2213 Ciriu
1101 2172 1177 2213 avem
1190 2149 1359 2212 interneciuo

381 2256 450 2316 odio
460 2258 637 2335 persequitur.

384 2375 407 2435 s.
432 2378 496 2451 198.
535 2374 580 2432 De
600 2376 849 2455 haliaeetolhalyae-
896 2376 979 2437 liaeeti
995 2376 1119 2456 532sqq.
1154 2373 1312 2436 ‘Addetam
1331 2367 1362 2457 {¹1

384 2468 444 2511 turn
459 2452 579 2509 scribunt
591 2453 651 2517 alii,
664 2456 788 2513 nonsatis
802 2456 850 2515 be·
897 2454 1019 2522 Gracia,
1042 2471 1068 2511 et
1088 2451 1166 2511 ltalia
1179 2451 1259 2518 sorte,
1282 2446 1362 2505 habt·

384 2528 433 2602 nc)
452 2526 541 2587 minor
551 2528 587 2586 est
601 2528 759 2591 dubitatio:
786 2552 850 2594 oum
898 2547 965 2602 tare,
976 2546 1003 2589 et
1017 2530 1086 2589 inter
1105 2529 1202 2585 serenae
1213 2546 1247 2583 ex
1265 2522 1362 2616 pluvio.

383 2605 472 2684 ipsum
482 2625 580 2665 nomen
592 2605 708 2682 aquilam
719 2609 851 2670 marinam
898 2609 964 2668 caelo
979 2623 1033 2667 tem
1067 2606 1138 2666 statie
1162 2605 1292 2682 praesagia
1318 2620 1362 2689 rc·

384 2683 494 2762 prodat,
526 2695 554 2739 et
587 2682 746 2742 Aristoteles
777 2685 850 2746 Hist.
898 2687 963 2744 ferri
976 2683 1004 2742 io
1018 2628 1073 2743 (id.
1098 2684 1123 2750 Ι,
1144 2701 1203 2758 404
1226 2681 1279 2758 sq..
1301 2679 1362 2738 fita

385 2759 484 2818 Anim.
510 2758 568 2827 IX,
589 2779 615 2820 c.
650 2779 684 2834 32
708 2761 779 2820 inter
805 2763 849 2822 sex
896 2762 1067 2840 conspectum
1103 2759 1193 2817 veniat
1224 2757 1364 2814 haliaetua

387 2836 538 2914 aquilarum
550 2856 649 2914 genera
661 2838 788 2902 ἁλιαιετὲ,
809 2860 849 2900 re·
897 2839 971 2905 cirin
997 2839 1104 2915 sugant,
1157 2835 1227 2913 Qrae
1249 2835 1284 2890 de
1308 2829 1363 2888 citi

385 2911 500 2971 censeat.
550 2914 638 2975 Addit
664 2914 718 2980 alia
745 2918 851 2979 Plinius
896 2909 1365 2978 commemoravimus,vixvidentur

386 2991 438 3048 lib.
449 2987 489 3058 X,
504 3010 531 3066 3.
546 2992 583 3050 cs.
598 2991 727 3050 Munker.
741 2995 776 3054 ad
790 2995 851 3052 An·
897 2992 927 3050 iu
946 2992 1070 3050 alaudam
1083 2991 1188 3058 cadere,
1211 3001 1362 3064 quamuno

387 3066 477 3126 tonin.
504 3067 569 3127 Lib.
601 3088 644 3130 11.
672 3069 852 3147 Thynoaqui·
896 3069 983 3128 cristae
1000 3081 1161 3146 argumento
1180 3064 1259 3122 multi
1279 3065 1310 3120 in
1329 3080 1363 3129 ea

387 3145 454 3211 lam,
473 3143 516 3202 seu
531 3144 622 3221 potius
634 3146 852 3224 Dunoaquilam,
898 3146 1054 3222 quaesiuere:
1075 3144 1105 3200 in
1119 3141 1192 3218 quod
1211 3141 1302 3196 avium
1314 3157 1365 3215 ge·

386 3241 460 3279 nunc
483 3221 610 3298 appellari
637 3221 748 3280 Lo'e‘nffi
769 3225 853 3282 tradit
899 3241 948 3278 nur
966 3221 1056 3279 saevire
1069 3220 1134 3275 solet
1151 3214 1365 3301 accipitersrin.

386 3299 419 3362 in
430 3297 548 3356 Miscell.
560 3298 583 3366 E
602 3297 697 3374 iphyll.
709 3299 793 3369 VIII,
805 3302 853 3369 26,
919 3297 1032 3364 illarius,
1042 3294 1130 3352 ditius
1146 3291 1210 3364 inde
1223 3292 1284 3348 alus
1301 3289 1363 3348 Ni-

388 3375 515 3450 quoniam
533 3319 650 3431 veriritur
667 3374 697 3436 in
714 3375 851 3446 dunisscu
898 3317 951 3435 Ius.
1004 3371 1124 3446 Scaliger
1157 3367 1192 3423 ad
1224 3366 1306 3424 Cirin
1336 3389 1365 3428 v.

388 3449 504 3522 collibus
529 3450 642 3518 arenosas
664 3451 742 3526 juxta
770 3471 851 3520 mare.
922 3455 956 3514 28
971 3446 1308 3522 ¹salconeruinterpretatur
1326 3446 1364 3516 esi

340 3543 341 3551 ¹
386 3524 854 3601 Cuniculisquoqueeuminfidiari
899 3470 1066 3590 daliaeetum,
1078 3521 1149 3580 cirin
1162 3535 1252 3578 autem
1266 3520 1363 3597 Egret-

374 3617 415 3662 ·et
429 3601 669 3678 setuadepraedari.
900 3614 974 3658 tam:
1008 3619 1063 3678 quo
1089 3597 1200 3658 nomine
1223 3599 1364 3674 appellasse

376 3749 382 3760 ι
408 3677 567 3768 ,ἲοῐάἰοοπι
592 3677 659 3766 alios
673 3679 782 3766 putasse
801 3679 852 3737 esse
898 3677 1008 3736 videtur
1030 3676 1151 3733 Ardeam
1172 3675 1262 3732 albam
1275 3675 1364 3731 mino·

388 3754 851 3907 iilii'aliiui’iiliio.²vliasi;
897 3753 1162 3906 {ilassfflilil‘
1170 3770 1364 3914 lissinis

387 3909 478 3968 edidit
503 3915 585 3985 po'eta
611 3908 667 3985 ipse
699 3908 767 3966 has:
800 3910 852 3966 esse
898 3907 943 3965 sici
990 3908 1050 3976 test,
1068 3904 1222 3964 nifiavium
1233 3923 1280 3980 per
1300 3903 1364 3964 rsioa

387 3985 851 4064 eampulclrrioremcyguovs.489,
899 3998 940 4040 tra
969 4005 998 4042 us
1006 3982 1363 4060 generameliusteueamus;

386 4060 418 4120 in
436 4062 537 4118 vertice
548 4061 626 4126 crista
638 4082 770 4139 purpurea
783 4084 851 4140 501,
897 4061 929 4134 fit
937 4062 1014 4118 enirn
1026 4059 1177 4139 probabile,
1187 4055 1362 4114 domesticam

387 4137 480 4219 pluma
492 4137 567 4193 vario
580 4141 672 4196 colore
687 4160 753 4216 502,
773 4159 851 4200 crura
898 4137 1102 4215 Megarensibus
1109 4131 1362 4207 avemCirinsuisIe,

388 4213 513 4284 rubentia
528 4231 591 4290 505.
608 4216 674 4292 506,
696 4215 772 4292 degit
787 4215 850 4273 soli·
898 4216 1027 4290 Mergum
1051 4211 1219 4287 Megaridem
1239 4210 1279 4266 fre
1302 4227 1364 4284 uen-

388 4288 850 4368 rariainlocisdesertis518.519,
898 4304 953 4349 tare
983 4290 1109 4365 (asinar)
1129 4307 1162 4346 ex
1184 4286 1261 4343 Paus.
1281 4229 1311 4350 i,
1333 4304 1364 4361 5,

389 4365 484 4444 odium
498 4366 528 4423 in
540 4385 598 4428 tam
611 4368 735 4445 pertinax
747 4367 782 4426 est
791 4366 849 4442 ba·
896 4385 924 4446 p·
939 4385 971 4442 13
984 4367 1081 4441 didici,
1114 4364 1148 4424 Iu
1162 4361 1364 4498 sabuIZaautem

616 4451 619 4458 '
1201 4454 1242 4498 tra
1285 4452 1362 4500 trouu
